<?xml version="1.0" encoding="UTF-8"?>
<!DOCTYPE html PUBLIC "-//W3C//DTD XHTML 1.0 Transitional//EN"
    "http://www.w3.org/TR/xhtml1/DTD/xhtml1-transitional.dtd">
<html xmlns="http://www.w3.org/1999/xhtml" xml:lang="en" lang="en">
 <head>
  <title>
</title>
<meta http-equiv="Content-Type" content="text/html;charset=utf-8" />
  <meta name='ocr-system' content='tesseract 3.04.00' />
  <meta name='ocr-capabilities' content='ocr_page ocr_carea ocr_par ocr_line ocrx_word'/>
</head>
<body>
  <div class='ocr_page' id='page_1' title='image "analectagraeca00procgoog_0015.png"; bbox 0 0 3588 5208; ppageno 0'>
   <div class='ocr_carea' id='block_1_1' title="bbox 885 272 925 332">
    <p class='ocr_par' dir='ltr' id='par_1_1' title="bbox 885 272 925 332">
     <span class='ocr_line' id='line_1_1' title="bbox 885 272 925 332; baseline -0.025 0"><span class='ocrx_word' id='word_1_1' title='bbox 885 272 925 332; x_wconf 72' lang='lat' dir='ltr'>vll</span> 
     </span>
    </p>
   </div>
   <div class='ocr_carea' id='block_1_2' title="bbox 797 359 1011 366">
    <p class='ocr_par' dir='ltr' id='par_1_2' title="bbox 797 359 1011 366">
     <span class='ocr_line' id='line_1_2' title="bbox 797 359 1011 366; baseline -0.009 0"><span class='ocrx_word' id='word_1_2' title='bbox 797 359 1011 366; x_wconf 47' lang='grc' dir='ltr'>ψ..-</span> 
     </span>
    </p>
   </div>
   <div class='ocr_carea' id='block_1_3' title="bbox 210 479 901 1421">
    <p class='ocr_par' dir='ltr' id='par_1_3' title="bbox 210 479 901 1421">
     <span class='ocr_line' id='line_1_3' title="bbox 263 479 901 563; baseline 0.005 -19"><span class='ocrx_word' id='word_1_3' title='bbox 263 499 346 546; x_wconf 90' lang='lat' dir='ltr'>unus</span> <span class='ocrx_word' id='word_1_4' title='bbox 377 483 421 546; x_wconf 89' lang='lat' dir='ltr'>ad</span> <span class='ocrx_word' id='word_1_5' title='bbox 448 481 596 548; x_wconf 84' lang='lat' dir='ltr'>divinum</span> <span class='ocrx_word' id='word_1_6' title='bbox 629 479 753 546; x_wconf 84' lang='lat' dir='ltr'>sufficit</span> <span class='ocrx_word' id='word_1_7' title='bbox 781 501 901 563; x_wconf 56' lang='lat' dir='ltr'>opusv-</span> 
     </span>
     <span class='ocr_line' id='line_1_4' title="bbox 263 588 874 676; baseline 0.003 -22"><span class='ocrx_word' id='word_1_8' title='bbox 263 588 387 654; x_wconf 84' lang='lat' dir='ltr'>sufficit</span> <span class='ocrx_word' id='word_1_9' title='bbox 421 588 506 673; x_wconf 85' lang='lat' dir='ltr'>enim</span> <span class='ocrx_word' id='word_1_10' title='bbox 542 590 699 676; x_wconf 86' lang='lat' dir='ltr'>cnebison</span> <span class='ocrx_word' id='word_1_11' title='bbox 731 589 783 674; x_wconf 73' lang='lat' dir='ltr'>[io</span> <span class='ocrx_word' id='word_1_12' title='bbox 822 596 874 670; x_wconf 89' lang='lat' dir='ltr'>est</span> 
     </span>
     <span class='ocr_line' id='line_1_5' title="bbox 263 695 893 778; baseline 0.006 -18"><span class='ocrx_word' id='word_1_13' title='bbox 263 695 416 778; x_wconf 86' lang='lat' dir='ltr'>carduus]</span> <span class='ocrx_word' id='word_1_14' title='bbox 462 699 504 760; x_wconf 91' lang='lat' dir='ltr'>ad</span> <span class='ocrx_word' id='word_1_15' title='bbox 551 697 693 765; x_wconf 86' lang='lat' dir='ltr'>subitam</span> <span class='ocrx_word' id='word_1_16' title='bbox 733 699 893 764; x_wconf 63' lang='lat' dir='ltr'>numinisv</span> 
     </span>
     <span class='ocr_line' id='line_1_6' title="bbox 210 803 875 885; baseline 0.018 -29"><span class='ocrx_word' id='word_1_17' title='bbox 210 815 249 858; x_wconf 73' lang='lat' dir='ltr'>aa</span> <span class='ocrx_word' id='word_1_18' title='bbox 263 803 401 867; x_wconf 87' lang='lat' dir='ltr'>alicuius</span> <span class='ocrx_word' id='word_1_19' title='bbox 426 803 679 885; x_wconf 78' lang='lat' dir='ltr'>apparitionem,</span> <span class='ocrx_word' id='word_1_20' title='bbox 704 806 746 868; x_wconf 92' lang='lat' dir='ltr'>ad</span> <span class='ocrx_word' id='word_1_21' title='bbox 768 808 875 868; x_wconf 92' lang='lat' dir='ltr'>custo-</span> 
     </span>
     <span class='ocr_line' id='line_1_7' title="bbox 263 910 874 1004; baseline 0.002 -30"><span class='ocrx_word' id='word_1_22' title='bbox 263 912 351 995; x_wconf 88' lang='lat' dir='ltr'>diam</span> <span class='ocrx_word' id='word_1_23' title='bbox 375 929 456 976; x_wconf 89' lang='lat' dir='ltr'>vero</span> <span class='ocrx_word' id='word_1_24' title='bbox 484 910 610 1002; x_wconf 78' lang='lat' dir='ltr'>laurus,</span> <span class='ocrx_word' id='word_1_25' title='bbox 638 913 805 1004; x_wconf 79' lang='lat' dir='ltr'>racemum</span> <span class='ocrx_word' id='word_1_26' title='bbox 830 911 874 994; x_wconf 88' lang='lat' dir='ltr'>[id</span> 
     </span>
     <span class='ocr_line' id='line_1_8' title="bbox 264 1001 899 1100; baseline -0.002 -18"><span class='ocrx_word' id='word_1_27' title='bbox 264 1024 316 1082; x_wconf 90' lang='lat' dir='ltr'>est</span> <span class='ocrx_word' id='word_1_28' title='bbox 355 1001 459 1098; x_wconf 85' lang='lat' dir='ltr'>genus</span> <span class='ocrx_word' id='word_1_29' title='bbox 499 1017 639 1098; x_wconf 77' lang='lat' dir='ltr'>virgulti</span> <span class='ocrx_word' id='word_1_30' title='bbox 684 1001 899 1100; x_wconf 78' lang='lat' dir='ltr'>spinosum]‚¹</span> 
     </span>
     <span class='ocr_line' id='line_1_9' title="bbox 263 1111 884 1206; baseline -0.002 -17"><span class='ocrx_word' id='word_1_31' title='bbox 263 1144 354 1205; x_wconf 81' lang='lat' dir='ltr'>cepa,</span> <span class='ocrx_word' id='word_1_32' title='bbox 381 1124 515 1206; x_wconf 75' lang='lat' dir='ltr'>squilla</span> <span class='ocrx_word' id='word_1_33' title='bbox 543 1126 700 1206; x_wconf 71' lang='lat' dir='ltr'>corallus,</span> <span class='ocrx_word' id='word_1_34' title='bbox 727 1111 884 1204; x_wconf 70' lang='lat' dir='ltr'>adamas</span> 
     </span>
     <span class='ocr_line' id='line_1_10' title="bbox 262 1215 875 1314; baseline -0.007 -16"><span class='ocrx_word' id='word_1_35' title='bbox 262 1235 381 1314; x_wconf 80' lang='lat' dir='ltr'>iaspis3</span> <span class='ocrx_word' id='word_1_36' title='bbox 413 1215 472 1296; x_wconf 88' lang='lat' dir='ltr'>sed</span> <span class='ocrx_word' id='word_1_37' title='bbox 501 1234 543 1296; x_wconf 84' lang='lat' dir='ltr'>ad</span> <span class='ocrx_word' id='word_1_38' title='bbox 574 1233 785 1313; x_wconf 80' lang='lat' dir='ltr'>praesagium</span> <span class='ocrx_word' id='word_1_39' title='bbox 817 1252 875 1297; x_wconf 88' lang='lat' dir='ltr'>cor</span> 
     </span>
     <span class='ocr_line' id='line_1_11' title="bbox 210 1338 874 1421; baseline -0.003 -15"><span class='ocrx_word' id='word_1_40' title='bbox 210 1342 388 1421; x_wconf 69' lang='lat' dir='ltr'>200talpae</span> <span class='ocrx_word' id='word_1_41' title='bbox 420 1340 462 1402; x_wconf 88' lang='lat' dir='ltr'>ad</span> <span class='ocrx_word' id='word_1_42' title='bbox 495 1338 758 1418; x_wconf 86' lang='lat' dir='ltr'>purificationem</span> <span class='ocrx_word' id='word_1_43' title='bbox 793 1357 874 1404; x_wconf 81' lang='lat' dir='ltr'>uero</span> 
     </span>
    </p>
   </div>
   <div class='ocr_carea' id='block_1_4' title="bbox 264 1445 974 1543">
    <p class='ocr_par' dir='ltr' id='par_1_4' title="bbox 264 1445 974 1543">
     <span class='ocr_line' id='line_1_12' title="bbox 264 1445 974 1543; baseline -0.003 -29"><span class='ocrx_word' id='word_1_44' title='bbox 264 1445 370 1543; x_wconf 81' lang='lat' dir='ltr'>sulfur</span> <span class='ocrx_word' id='word_1_45' title='bbox 405 1452 438 1512; x_wconf 92' lang='lat' dir='ltr'>et</span> <span class='ocrx_word' id='word_1_46' title='bbox 474 1464 562 1525; x_wconf 87' lang='lat' dir='ltr'>aqua</span> <span class='ocrx_word' id='word_1_47' title='bbox 597 1447 744 1526; x_wconf 66' lang='lat' dir='ltr'>marina.⁴</span> <span class='ocrx_word' id='word_1_48' title='bbox 782 1447 874 1527; x_wconf 81' lang='lat' dir='ltr'>Ergo</span> <span class='ocrx_word' id='word_1_49' title='bbox 902 1535 905 1542; x_wconf 27' lang='grc' dir='ltr'>Ι</span> <span class='ocrx_word' id='word_1_50' title='bbox 971 1513 974 1518; x_wconf 77' lang='grc'>,</span> 
     </span>
    </p>
   </div>
   <div class='ocr_carea' id='block_1_5' title="bbox 196 1556 878 4630">
    <p class='ocr_par' dir='ltr' id='par_1_5' title="bbox 196 1556 878 4630">
     <span class='ocr_line' id='line_1_13' title="bbox 264 1556 875 1640; baseline -0.003 -22"><span class='ocrx_word' id='word_1_51' title='bbox 264 1556 455 1620; x_wconf 76' lang='lat' dir='ltr'>sacerdotes</span> <span class='ocrx_word' id='word_1_52' title='bbox 496 1572 554 1634; x_wconf 88' lang='lat' dir='ltr'>per</span> <span class='ocrx_word' id='word_1_53' title='bbox 586 1557 731 1640; x_wconf 89' lang='lat' dir='ltr'>mutuam</span> <span class='ocrx_word' id='word_1_54' title='bbox 766 1571 875 1617; x_wconf 88' lang='lat' dir='ltr'>rerum</span> 
     </span>
     <span class='ocr_line' id='line_1_14' title="bbox 264 1661 876 1743; baseline -0.002 -17"><span class='ocrx_word' id='word_1_55' title='bbox 264 1662 496 1743; x_wconf 88' lang='lat' dir='ltr'>cognationem</span> <span class='ocrx_word' id='word_1_56' title='bbox 552 1661 876 1740; x_wconf 89' lang='lat' dir='ltr'>compassionemque</span> 
     </span>
     <span class='ocr_line' id='line_1_15' title="bbox 265 1769 876 1854; baseline -0.005 -22"><span class='ocrx_word' id='word_1_57' title='bbox 265 1769 494 1835; x_wconf 83' lang='lat' dir='ltr'>conducebant</span> <span class='ocrx_word' id='word_1_58' title='bbox 506 1769 540 1832; x_wconf 91' lang='lat' dir='ltr'>in</span> <span class='ocrx_word' id='word_1_59' title='bbox 557 1786 663 1854; x_wconf 84' lang='lat' dir='ltr'>unum,</span> <span class='ocrx_word' id='word_1_60' title='bbox 680 1785 741 1848; x_wconf 88' lang='lat' dir='ltr'>per</span> <span class='ocrx_word' id='word_1_61' title='bbox 758 1784 876 1847; x_wconf 89' lang='lat' dir='ltr'>repug-</span> 
     </span>
     <span class='ocr_line' id='line_1_16' title="bbox 196 1873 875 1954; baseline -0.004 -15"><span class='ocrx_word' id='word_1_62' title='bbox 196 1883 250 1932; x_wconf 77' lang='lat'>&#39;20⁵</span> <span class='ocrx_word' id='word_1_63' title='bbox 263 1875 413 1940; x_wconf 89' lang='lat' dir='ltr'>nantiam</span> <span class='ocrx_word' id='word_1_64' title='bbox 424 1874 646 1954; x_wconf 71' lang='lat' dir='ltr'>expellebant</span> <span class='ocrx_word' id='word_1_65' title='bbox 660 1873 875 1954; x_wconf 87' lang='lat' dir='ltr'>purificantes</span> 
     </span>
     <span class='ocr_line' id='line_1_17' title="bbox 265 1980 876 2068; baseline -0.003 -21"><span class='ocrx_word' id='word_1_66' title='bbox 265 2003 336 2048; x_wconf 92' lang='lat' dir='ltr'>cum</span> <span class='ocrx_word' id='word_1_67' title='bbox 376 1983 556 2062; x_wconf 87' lang='lat' dir='ltr'>oportebat</span> <span class='ocrx_word' id='word_1_68' title='bbox 604 1980 729 2048; x_wconf 86' lang='lat' dir='ltr'>sulfure</span> <span class='ocrx_word' id='word_1_69' title='bbox 774 1987 876 2068; x_wconf 83' lang='lat' dir='ltr'>atque</span> 
     </span>
     <span class='ocr_line' id='line_1_18' title="bbox 265 2087 877 2172; baseline -0.005 -18"><span class='ocrx_word' id='word_1_70' title='bbox 265 2090 419 2170; x_wconf 77' lang='lat' dir='ltr'>asphalto</span> <span class='ocrx_word' id='word_1_71' title='bbox 446 2089 490 2172; x_wconf 85' lang='lat' dir='ltr'>[id</span> <span class='ocrx_word' id='word_1_72' title='bbox 514 2093 565 2153; x_wconf 91' lang='lat' dir='ltr'>est</span> <span class='ocrx_word' id='word_1_73' title='bbox 583 2087 764 2170; x_wconf 80' lang='lat' dir='ltr'>bitumine]&#39;‚</span> <span class='ocrx_word' id='word_1_74' title='bbox 790 2106 877 2167; x_wconf 88' lang='lat' dir='ltr'>aqua</span> 
     </span>
     <span class='ocr_line' id='line_1_19' title="bbox 264 2194 878 2277; baseline -0.005 -16"><span class='ocrx_word' id='word_1_75' title='bbox 264 2203 482 2277; x_wconf 80' lang='lat' dir='ltr'>aspergentes</span> <span class='ocrx_word' id='word_1_76' title='bbox 532 2197 661 2259; x_wconf 89' lang='lat' dir='ltr'>marina</span> <span class='ocrx_word' id='word_1_77' title='bbox 706 2194 878 2276; x_wconf 81' lang='lat' dir='ltr'>(purificat</span> 
     </span>
     <span class='ocr_line' id='line_1_20' title="bbox 265 2302 877 2390; baseline -0.008 -21"><span class='ocrx_word' id='word_1_78' title='bbox 265 2304 351 2370; x_wconf 89' lang='lat' dir='ltr'>enim</span> <span class='ocrx_word' id='word_1_79' title='bbox 397 2302 502 2390; x_wconf 88' lang='lat' dir='ltr'>sulfur</span> <span class='ocrx_word' id='word_1_80' title='bbox 554 2303 683 2382; x_wconf 91' lang='lat' dir='ltr'>quidem</span> <span class='ocrx_word' id='word_1_81' title='bbox 738 2305 877 2382; x_wconf 84' lang='lat' dir='ltr'>propter</span> 
     </span>
     <span class='ocr_line' id='line_1_21' title="bbox 210 2410 877 2496; baseline -0.004 -20"><span class='ocrx_word' id='word_1_82' title='bbox 210 2419 251 2462; x_wconf 80' lang='lat' dir='ltr'>no</span> <span class='ocrx_word' id='word_1_83' title='bbox 265 2410 377 2476; x_wconf 89' lang='lat' dir='ltr'>odoris</span> <span class='ocrx_word' id='word_1_84' title='bbox 397 2428 543 2496; x_wconf 84' lang='lat' dir='ltr'>acumen,</span> <span class='ocrx_word' id='word_1_85' title='bbox 557 2428 646 2489; x_wconf 91' lang='lat' dir='ltr'>aqua</span> <span class='ocrx_word' id='word_1_86' title='bbox 658 2427 738 2475; x_wconf 91' lang='lat' dir='ltr'>vero</span> <span class='ocrx_word' id='word_1_87' title='bbox 749 2410 877 2474; x_wconf 87' lang='lat' dir='ltr'>marina</span> 
     </span>
     <span class='ocr_line' id='line_1_22' title="bbox 265 2517 876 2599; baseline -0.005 -17"><span class='ocrx_word' id='word_1_88' title='bbox 265 2524 403 2599; x_wconf 89' lang='lat' dir='ltr'>propter</span> <span class='ocrx_word' id='word_1_89' title='bbox 437 2519 569 2598; x_wconf 88' lang='lat' dir='ltr'>igneam</span> <span class='ocrx_word' id='word_1_90' title='bbox 604 2517 805 2598; x_wconf 79' lang='lat' dir='ltr'>portionem)</span> <span class='ocrx_word' id='word_1_91' title='bbox 829 2521 876 2580; x_wconf 77' lang='lat' dir='ltr'>,et</span> 
     </span>
     <span class='ocr_line' id='line_1_23' title="bbox 265 2623 876 2688; baseline -0.002 0"><span class='ocrx_word' id='word_1_92' title='bbox 265 2624 421 2688; x_wconf 87' lang='lat' dir='ltr'>animalia</span> <span class='ocrx_word' id='word_1_93' title='bbox 454 2625 517 2688; x_wconf 88' lang='lat' dir='ltr'>diis</span> <span class='ocrx_word' id='word_1_94' title='bbox 548 2625 581 2687; x_wconf 89' lang='lat' dir='ltr'>in</span> <span class='ocrx_word' id='word_1_95' title='bbox 618 2625 751 2688; x_wconf 85' lang='lat' dir='ltr'>deorum</span> <span class='ocrx_word' id='word_1_96' title='bbox 786 2623 876 2687; x_wconf 91' lang='lat' dir='ltr'>cultu</span> 
     </span>
     <span class='ocr_line' id='line_1_24' title="bbox 265 2731 876 2812; baseline -0.003 -17"><span class='ocrx_word' id='word_1_97' title='bbox 265 2750 413 2812; x_wconf 88' lang='lat' dir='ltr'>congrua</span> <span class='ocrx_word' id='word_1_98' title='bbox 451 2731 655 2795; x_wconf 85' lang='lat' dir='ltr'>adhibebant</span> <span class='ocrx_word' id='word_1_99' title='bbox 699 2735 876 2809; x_wconf 90' lang='lat' dir='ltr'>ceteraque</span> 
     </span>
     <span class='ocr_line' id='line_1_25' title="bbox 265 2837 876 2918; baseline -0.003 -16"><span class='ocrx_word' id='word_1_100' title='bbox 265 2838 427 2903; x_wconf 89' lang='lat' dir='ltr'>similiter.</span> <span class='ocrx_word' id='word_1_101' title='bbox 501 2838 715 2918; x_wconf 87' lang='lat' dir='ltr'>quamobrem</span> <span class='ocrx_word' id='word_1_102' title='bbox 753 2837 795 2900; x_wconf 91' lang='lat' dir='ltr'>ab</span> <span class='ocrx_word' id='word_1_103' title='bbox 835 2837 876 2901; x_wconf 89' lang='lat' dir='ltr'>iis</span> 
     </span>
     <span class='ocr_line' id='line_1_26' title="bbox 211 2937 877 3028; baseline 0.005 -24"><span class='ocrx_word' id='word_1_104' title='bbox 211 2962 251 3004; x_wconf 79' lang='lat' dir='ltr'>mo</span> <span class='ocrx_word' id='word_1_105' title='bbox 265 2951 367 3026; x_wconf 90' lang='lat' dir='ltr'>atque</span> <span class='ocrx_word' id='word_1_106' title='bbox 391 2944 552 3010; x_wconf 85' lang='lat' dir='ltr'>similibus</span> <span class='ocrx_word' id='word_1_107' title='bbox 579 2937 782 3028; x_wconf 84' lang='lat' dir='ltr'>&#39;recipientes</span> <span class='ocrx_word' id='word_1_108' title='bbox 813 2945 877 3024; x_wconf 86' lang='lat' dir='ltr'>pri-</span> 
     </span>
     <span class='ocr_line' id='line_1_27' title="bbox 264 3053 877 3136; baseline 0.002 -22"><span class='ocrx_word' id='word_1_109' title='bbox 264 3071 349 3133; x_wconf 89' lang='lat' dir='ltr'>mum</span> <span class='ocrx_word' id='word_1_110' title='bbox 377 3053 546 3132; x_wconf 88' lang='lat' dir='ltr'>potentias</span> <span class='ocrx_word' id='word_1_111' title='bbox 575 3054 767 3136; x_wconf 84' lang='lat' dir='ltr'>daemonum</span> <span class='ocrx_word' id='word_1_112' title='bbox 803 3071 877 3132; x_wconf 90' lang='lat' dir='ltr'>cog-</span> 
     </span>
     <span class='ocr_line' id='line_1_28' title="bbox 265 3158 876 3240; baseline -0.005 -16"><span class='ocrx_word' id='word_1_113' title='bbox 265 3165 445 3240; x_wconf 85' lang='lat' dir='ltr'>noverunt,</span> <span class='ocrx_word' id='word_1_114' title='bbox 497 3158 655 3223; x_wconf 90' lang='lat' dir='ltr'>videlicet</span> <span class='ocrx_word' id='word_1_115' title='bbox 703 3177 760 3222; x_wconf 88' lang='lat' dir='ltr'>eas</span> <span class='ocrx_word' id='word_1_116' title='bbox 804 3175 876 3221; x_wconf 86' lang='lat' dir='ltr'>esse</span> 
     </span>
     <span class='ocr_line' id='line_1_29' title="bbox 265 3265 877 3347; baseline -0.003 -17"><span class='ocrx_word' id='word_1_117' title='bbox 265 3267 431 3347; x_wconf 84' lang='lat' dir='ltr'>proximas</span> <span class='ocrx_word' id='word_1_118' title='bbox 478 3267 577 3330; x_wconf 90' lang='lat' dir='ltr'>rebus</span> <span class='ocrx_word' id='word_1_119' title='bbox 623 3265 877 3344; x_wconf 87' lang='lat' dir='ltr'>actionibusque</span> 
     </span>
     <span class='ocr_line' id='line_1_30' title="bbox 264 3373 876 3454; baseline 0 -18"><span class='ocrx_word' id='word_1_120' title='bbox 264 3373 484 3454; x_wconf 86' lang='lat' dir='ltr'>naturalibus,</span> <span class='ocrx_word' id='word_1_121' title='bbox 537 3379 639 3452; x_wconf 88' lang='lat' dir='ltr'>atque</span> <span class='ocrx_word' id='word_1_122' title='bbox 689 3392 748 3453; x_wconf 87' lang='lat' dir='ltr'>per</span> <span class='ocrx_word' id='word_1_123' title='bbox 795 3374 876 3437; x_wconf 88' lang='lat' dir='ltr'>haec</span> 
     </span>
     <span class='ocr_line' id='line_1_31' title="bbox 211 3481 875 3561; baseline -0.003 -16"><span class='ocrx_word' id='word_1_124' title='bbox 211 3481 443 3561; x_wconf 74' lang='lat' dir='ltr'>anonaturalia</span> <span class='ocrx_word' id='word_1_125' title='bbox 480 3481 598 3560; x_wconf 90' lang='lat' dir='ltr'>quibus</span> <span class='ocrx_word' id='word_1_126' title='bbox 640 3482 875 3561; x_wconf 74' lang='lat' dir='ltr'>propinquant⁷</span> 
     </span>
     <span class='ocr_line' id='line_1_32' title="bbox 265 3587 874 3667; baseline -0.002 -16"><span class='ocrx_word' id='word_1_127' title='bbox 265 3589 297 3651; x_wconf 96' lang='lat' dir='ltr'>in</span> <span class='ocrx_word' id='word_1_128' title='bbox 355 3587 594 3667; x_wconf 88' lang='lat' dir='ltr'>praesentiam</span> <span class='ocrx_word' id='word_1_129' title='bbox 637 3591 874 3653; x_wconf 86' lang='lat' dir='ltr'>convocarunt.</span> 
     </span>
     <span class='ocr_line' id='line_1_33' title="bbox 265 3694 875 3774; baseline 0 -16"><span class='ocrx_word' id='word_1_130' title='bbox 265 3695 382 3760; x_wconf 89' lang='lat' dir='ltr'>deinde</span> <span class='ocrx_word' id='word_1_131' title='bbox 413 3713 433 3758; x_wconf 88' lang='lat' dir='ltr'>a</span> <span class='ocrx_word' id='word_1_132' title='bbox 463 3694 677 3758; x_wconf 89' lang='lat' dir='ltr'>daemonibus</span> <span class='ocrx_word' id='word_1_133' title='bbox 708 3696 750 3762; x_wconf 89' lang='lat' dir='ltr'>ad</span> <span class='ocrx_word' id='word_1_134' title='bbox 785 3695 875 3774; x_wconf 90' lang='lat' dir='ltr'>ipsas</span> 
     </span>
     <span class='ocr_line' id='line_1_34' title="bbox 265 3800 876 3881; baseline -0.002 -15"><span class='ocrx_word' id='word_1_135' title='bbox 265 3802 400 3866; x_wconf 91' lang='lat' dir='ltr'>deorum</span> <span class='ocrx_word' id='word_1_136' title='bbox 431 3800 521 3866; x_wconf 88' lang='lat' dir='ltr'>vires</span> <span class='ocrx_word' id='word_1_137' title='bbox 553 3801 768 3881; x_wconf 89' lang='lat' dir='ltr'>actionesque</span> <span class='ocrx_word' id='word_1_138' title='bbox 791 3818 876 3881; x_wconf 85' lang='lat' dir='ltr'>¹pro-</span> 
     </span>
     <span class='ocr_line' id='line_1_35' title="bbox 265 3907 877 3988; baseline 0 -16"><span class='ocrx_word' id='word_1_139' title='bbox 265 3914 447 3988; x_wconf 72' lang='lat' dir='ltr'>cesserunt</span> <span class='ocrx_word' id='word_1_140' title='bbox 469 3909 590 3987; x_wconf 87' lang='lat' dir='ltr'>partim</span> <span class='ocrx_word' id='word_1_141' title='bbox 604 3907 743 3988; x_wconf 79' lang='lat' dir='ltr'>&#39;quidem</span> <span class='ocrx_word' id='word_1_142' title='bbox 761 3909 877 3972; x_wconf 89' lang='lat' dir='ltr'>docen-</span> 
     </span>
     <span class='ocr_line' id='line_1_36' title="bbox 211 4014 874 4096; baseline 0.002 -19"><span class='ocrx_word' id='word_1_143' title='bbox 211 4035 251 4078; x_wconf 74' lang='lat' dir='ltr'>aa</span> <span class='ocrx_word' id='word_1_144' title='bbox 265 4015 355 4080; x_wconf 90' lang='lat' dir='ltr'>tibus</span> <span class='ocrx_word' id='word_1_145' title='bbox 398 4015 610 4080; x_wconf 90' lang='lat' dir='ltr'>daemonibus</span> <span class='ocrx_word' id='word_1_146' title='bbox 654 4014 874 4096; x_wconf 72' lang='lat' dir='ltr'>addiscentes</span> 
     </span>
     <span class='ocr_line' id='line_1_37' title="bbox 265 4123 876 4203; baseline -0.002 -17"><span class='ocrx_word' id='word_1_147' title='bbox 265 4123 386 4202; x_wconf 87' lang='lat' dir='ltr'>partim</span> <span class='ocrx_word' id='word_1_148' title='bbox 423 4139 502 4186; x_wconf 87' lang='lat' dir='ltr'>vero</span> <span class='ocrx_word' id='word_1_149' title='bbox 540 4123 704 4186; x_wconf 88' lang='lat' dir='ltr'>industria</span> <span class='ocrx_word' id='word_1_150' title='bbox 739 4123 876 4203; x_wconf 89' lang='lat' dir='ltr'>propria</span> 
     </span>
     <span class='ocr_line' id='line_1_38' title="bbox 264 4229 875 4311; baseline -0.003 -17"><span class='ocrx_word' id='word_1_151' title='bbox 264 4230 528 4309; x_wconf 87' lang='lat' dir='ltr'>interpretantes</span> <span class='ocrx_word' id='word_1_152' title='bbox 541 4229 775 4294; x_wconf 89' lang='lat' dir='ltr'>convenientia</span> <span class='ocrx_word' id='word_1_153' title='bbox 793 4248 875 4311; x_wconf 89' lang='lat' dir='ltr'>sym-</span> 
     </span>
     <span class='ocr_line' id='line_1_39' title="bbox 264 4335 876 4417; baseline 0.003 -19"><span class='ocrx_word' id='word_1_154' title='bbox 264 4335 351 4417; x_wconf 79' lang='lat' dir='ltr'>bola,</span> <span class='ocrx_word' id='word_1_155' title='bbox 369 4337 403 4401; x_wconf 91' lang='lat' dir='ltr'>in</span> <span class='ocrx_word' id='word_1_156' title='bbox 419 4336 587 4416; x_wconf 91' lang='lat' dir='ltr'>propriam</span> <span class='ocrx_word' id='word_1_157' title='bbox 604 4337 738 4399; x_wconf 91' lang='lat' dir='ltr'>deorum</span> <span class='ocrx_word' id='word_1_158' title='bbox 756 4335 876 4400; x_wconf 91' lang='lat' dir='ltr'>intelli·</span> 
     </span>
     <span class='ocr_line' id='line_1_40' title="bbox 265 4441 876 4523; baseline 0.003 -17"><span class='ocrx_word' id='word_1_159' title='bbox 265 4441 413 4523; x_wconf 88' lang='lat' dir='ltr'>gentiam</span> <span class='ocrx_word' id='word_1_160' title='bbox 428 4444 664 4522; x_wconf 86' lang='lat' dir='ltr'>ascendentes;</span> <span class='ocrx_word' id='word_1_161' title='bbox 680 4461 719 4506; x_wconf 93' lang='lat' dir='ltr'>ac</span> <span class='ocrx_word' id='word_1_162' title='bbox 736 4444 876 4523; x_wconf 89' lang='lat' dir='ltr'>denique</span> 
     </span>
     <span class='ocr_line' id='line_1_41' title="bbox 211 4549 876 4630; baseline 0 -18"><span class='ocrx_word' id='word_1_163' title='bbox 211 4550 469 4630; x_wconf 77' lang='lat' dir='ltr'>raposthabitis</span> <span class='ocrx_word' id='word_1_164' title='bbox 516 4549 725 4617; x_wconf 87' lang='lat' dir='ltr'>naturalibus</span> <span class='ocrx_word' id='word_1_165' title='bbox 777 4551 876 4614; x_wconf 86' lang='lat' dir='ltr'>rebus</span> 
     </span>
    </p>
   </div>
   <div class='ocr_carea' id='block_1_6' title="bbox 265 4649 926 4739">
    <p class='ocr_par' dir='ltr' id='par_1_6' title="bbox 265 4649 926 4739">
     <span class='ocr_line' id='line_1_42' title="bbox 265 4649 926 4739; baseline -0.002 -19"><span class='ocrx_word' id='word_1_166' title='bbox 265 4655 517 4736; x_wconf 88' lang='lat' dir='ltr'>actionibusque</span> <span class='ocrx_word' id='word_1_167' title='bbox 530 4675 569 4721; x_wconf 91' lang='lat' dir='ltr'>ao</span> <span class='ocrx_word' id='word_1_168' title='bbox 585 4675 706 4739; x_wconf 90' lang='lat' dir='ltr'>magna</span> <span class='ocrx_word' id='word_1_169' title='bbox 723 4674 763 4720; x_wconf 80' lang='lat' dir='ltr'>ex</span> <span class='ocrx_word' id='word_1_170' title='bbox 779 4661 877 4736; x_wconf 87' lang='lat' dir='ltr'>parte</span> <span class='ocrx_word' id='word_1_171' title='bbox 924 4649 926 4652; x_wconf 70' lang='grc'><strong>’</strong></span> 
     </span>
    </p>
   </div>
   <div class='ocr_carea' id='block_1_7' title="bbox 265 4765 876 4950">
    <p class='ocr_par' dir='ltr' id='par_1_7' title="bbox 265 4765 876 4950">
     <span class='ocr_line' id='line_1_43' title="bbox 266 4765 876 4829; baseline 0 -2"><span class='ocrx_word' id='word_1_172' title='bbox 266 4765 479 4828; x_wconf 87' lang='lat' dir='ltr'>daemonibus</span> <span class='ocrx_word' id='word_1_173' title='bbox 509 4765 544 4828; x_wconf 91' lang='lat' dir='ltr'>in</span> <span class='ocrx_word' id='word_1_174' title='bbox 575 4766 709 4828; x_wconf 88' lang='lat' dir='ltr'>deorum</span> <span class='ocrx_word' id='word_1_175' title='bbox 739 4782 774 4827; x_wconf 90' lang='lat' dir='ltr'>se</span> <span class='ocrx_word' id='word_1_176' title='bbox 804 4782 876 4829; x_wconf 92' lang='lat' dir='ltr'>con-</span> 
     </span>
     <span class='ocr_line' id='line_1_44' title="bbox 265 4872 635 4950; baseline 0 -16"><span class='ocrx_word' id='word_1_177' title='bbox 265 4872 405 4935; x_wconf 87' lang='lat' dir='ltr'>sortium</span> <span class='ocrx_word' id='word_1_178' title='bbox 428 4877 635 4950; x_wconf 88' lang='lat' dir='ltr'>receperunt.</span> 
     </span>
    </p>
   </div>
   <div class='ocr_carea' id='block_1_8' title="bbox 925 485 1545 1089">
    <p class='ocr_par' dir='ltr' id='par_1_8' title="bbox 925 485 1545 1100">
     <span class='ocr_line' id='line_1_45' title="bbox 929 485 1543 570; baseline 0.002 -22"><span class='ocrx_word' id='word_1_179' title='bbox 929 485 1020 565; x_wconf 79' lang='grc' dir='ltr'>νααν,</span> <span class='ocrx_word' id='word_1_180' title='bbox 1060 486 1135 568; x_wconf 84' lang='grc' dir='ltr'>πρός</span> <span class='ocrx_word' id='word_1_181' title='bbox 1174 487 1207 548; x_wconf 87' lang='grc' dir='ltr'>δὲ</span> <span class='ocrx_word' id='word_1_182' title='bbox 1249 485 1392 569; x_wconf 81' lang='grc' dir='ltr'>φυλακὴν</span> <span class='ocrx_word' id='word_1_183' title='bbox 1432 486 1543 570; x_wconf 80' lang='grc' dir='ltr'>δάφνη,</span> 
     </span>
     <span class='ocr_line' id='line_1_46' title="bbox 929 587 1543 678; baseline 0.007 -24"><span class='ocrx_word' id='word_1_184' title='bbox 929 587 1104 678; x_wconf 74' lang='grc' dir='ltr'>ῥάμνος(ί),</span> <span class='ocrx_word' id='word_1_185' title='bbox 1134 592 1302 677; x_wconf 90' lang='grc' dir='ltr'>κρόμμυον,</span> <span class='ocrx_word' id='word_1_186' title='bbox 1332 593 1456 672; x_wconf 88' lang='grc' dir='ltr'>σκίλλα,</span> <span class='ocrx_word' id='word_1_187' title='bbox 1489 616 1543 658; x_wconf 89' lang='grc' dir='ltr'>κο-</span> 
     </span>
     <span class='ocr_line' id='line_1_47' title="bbox 930 697 1544 782; baseline 0.01 -22"><span class='ocrx_word' id='word_1_188' title='bbox 930 697 1065 782; x_wconf 83' lang='grc' dir='ltr'>ράλλιον,</span> <span class='ocrx_word' id='word_1_189' title='bbox 1113 698 1244 781; x_wconf 86' lang='grc' dir='ltr'>ἀδάμας,</span> <span class='ocrx_word' id='word_1_190' title='bbox 1295 699 1410 777; x_wconf 64' lang='lat' dir='ltr'>toccu·</span> <span class='ocrx_word' id='word_1_191' title='bbox 1462 701 1544 774; x_wconf 75' lang='grc' dir='ltr'>ἀλλὰ</span> 
     </span>
     <span class='ocr_line' id='line_1_48' title="bbox 928 805 1543 897; baseline 0.005 -27"><span class='ocrx_word' id='word_1_192' title='bbox 928 806 1005 889; x_wconf 81' lang='grc' dir='ltr'>πρὸς</span> <span class='ocrx_word' id='word_1_193' title='bbox 1033 805 1175 886; x_wconf 75' lang='grc' dir='ltr'>μαντείαν</span> <span class='ocrx_word' id='word_1_194' title='bbox 1204 806 1316 891; x_wconf 78' lang='grc' dir='ltr'>καρδία</span> <span class='ocrx_word' id='word_1_195' title='bbox 1349 809 1543 897; x_wconf 81' lang='grc' dir='ltr'>άσπάλακος,</span> 
     </span>
     <span class='ocr_line' id='line_1_49' title="bbox 925 910 1545 1000; baseline 0.008 -25"><span class='ocrx_word' id='word_1_196' title='bbox 925 914 1005 996; x_wconf 83' lang='grc' dir='ltr'>πρός</span> <span class='ocrx_word' id='word_1_197' title='bbox 1028 913 1061 976; x_wconf 88' lang='grc' dir='ltr'>δὲ</span> <span class='ocrx_word' id='word_1_198' title='bbox 1084 910 1240 996; x_wconf 94' lang='grc' dir='ltr'>κάθαρσιν</span> <span class='ocrx_word' id='word_1_199' title='bbox 1269 914 1355 978; x_wconf 87' lang='grc' dir='ltr'>θεῖον</span> <span class='ocrx_word' id='word_1_200' title='bbox 1385 917 1437 994; x_wconf 83' lang='grc' dir='ltr'><strong>καί</strong></span> <span class='ocrx_word' id='word_1_201' title='bbox 1461 917 1545 1000; x_wconf 81' lang='grc' dir='ltr'>ὕδωρ</span> 
     </span>
     <span class='ocr_line' id='line_1_50' title="bbox 930 1001 1122 1089; baseline 0.005 -8"><span class='ocrx_word' id='word_1_202' title='bbox 930 1001 1122 1089; x_wconf 81' lang='grc' dir='ltr'>θαλάσσιον.-</span> 
     </span>
    </p>
   </div>
   <div class='ocr_carea' id='block_1_9' title="bbox 930 1445 1545 2074">
    <p class='ocr_par' dir='ltr' id='par_1_9' title="bbox 930 1445 1545 2074">
     <span class='ocr_line' id='line_1_51' title="bbox 958 1445 1544 1534; baseline 0.012 -25"><span class='ocrx_word' id='word_1_203' title='bbox 958 1513 960 1528; x_wconf 88' lang='lat'><em>.</em></span> <span class='ocrx_word' id='word_1_204' title='bbox 1080 1513 1092 1526; x_wconf 25' lang='lat' dir='ltr'>g</span> <span class='ocrx_word' id='word_1_205' title='bbox 1153 1445 1266 1529; x_wconf 69' lang='grc' dir='ltr'>,οίούν</span> <span class='ocrx_word' id='word_1_206' title='bbox 1283 1447 1383 1534; x_wconf 49' lang='grc' dir='ltr'>Ἰἱερεῖς</span> <span class='ocrx_word' id='word_1_207' title='bbox 1412 1453 1461 1515; x_wconf 84' lang='grc' dir='ltr'>διὰ</span> <span class='ocrx_word' id='word_1_208' title='bbox 1487 1453 1544 1533; x_wconf 85' lang='grc' dir='ltr'>τὴν</span> 
     </span>
     <span class='ocr_line' id='line_1_52' title="bbox 931 1550 1543 1642; baseline 0.013 -27"><span class='ocrx_word' id='word_1_209' title='bbox 931 1554 1006 1635; x_wconf 81' lang='grc' dir='ltr'>πρὸς</span> <span class='ocrx_word' id='word_1_210' title='bbox 1037 1550 1160 1638; x_wconf 82' lang='grc' dir='ltr'>ἄλληλα</span> <span class='ocrx_word' id='word_1_211' title='bbox 1183 1565 1245 1620; x_wconf 81' lang='grc' dir='ltr'>τῶν</span> <span class='ocrx_word' id='word_1_212' title='bbox 1261 1559 1453 1641; x_wconf 78' lang='grc' dir='ltr'>πραγμάτων</span> <span class='ocrx_word' id='word_1_213' title='bbox 1470 1581 1543 1642; x_wconf 93' lang='grc' dir='ltr'>συγ-</span> 
     </span>
     <span class='ocr_line' id='line_1_53' title="bbox 930 1659 1545 1749; baseline 0.013 -27"><span class='ocrx_word' id='word_1_214' title='bbox 930 1659 1050 1742; x_wconf 86' lang='grc' dir='ltr'>γὲνειαν</span> <span class='ocrx_word' id='word_1_215' title='bbox 1066 1663 1119 1724; x_wconf 86' lang='grc' dir='ltr'>καί</span> <span class='ocrx_word' id='word_1_216' title='bbox 1135 1661 1334 1746; x_wconf 74' lang='grc' dir='ltr'>συμπάθειαν</span> <span class='ocrx_word' id='word_1_217' title='bbox 1351 1676 1484 1749; x_wconf 77' lang='grc' dir='ltr'>συνῆγον</span> <span class='ocrx_word' id='word_1_218' title='bbox 1501 1668 1545 1746; x_wconf 83' lang='grc' dir='ltr'>είς</span> 
     </span>
     <span class='ocr_line' id='line_1_54' title="bbox 932 1767 1543 1856; baseline 0.013 -27"><span class='ocrx_word' id='word_1_219' title='bbox 932 1767 972 1846; x_wconf 83' lang='grc' dir='ltr'>ἕν,</span> <span class='ocrx_word' id='word_1_220' title='bbox 994 1769 1043 1830; x_wconf 87' lang='grc' dir='ltr'>διὰ</span> <span class='ocrx_word' id='word_1_221' title='bbox 1061 1769 1122 1834; x_wconf 85' lang='grc' dir='ltr'>&lt;δὲ&gt;</span> <span class='ocrx_word' id='word_1_222' title='bbox 1136 1771 1190 1852; x_wconf 78' lang='grc' dir='ltr'>τὴν</span> <span class='ocrx_word' id='word_1_223' title='bbox 1207 1769 1382 1835; x_wconf 85' lang='grc' dir='ltr'>ἐναντίωσιν</span> <span class='ocrx_word' id='word_1_224' title='bbox 1403 1770 1543 1856; x_wconf 81' lang='grc' dir='ltr'>ἀπήλαυ-</span> 
     </span>
     <span class='ocr_line' id='line_1_55' title="bbox 931 1858 1542 1965; baseline 0.013 -28"><span class='ocrx_word' id='word_1_225' title='bbox 931 1895 992 1954; x_wconf 92' lang='grc' dir='ltr'>νον,</span> <span class='ocrx_word' id='word_1_226' title='bbox 1006 1874 1209 1958; x_wconf 69' lang='grc' dir='ltr'>καθαίροντες</span> <span class='ocrx_word' id='word_1_227' title='bbox 1224 1871 1278 1942; x_wconf 86' lang='grc' dir='ltr'>&lt;δ’&gt;</span> <span class='ocrx_word' id='word_1_228' title='bbox 1293 1858 1451 1963; x_wconf 75' lang='grc' dir='ltr'>ότεέχρῆν</span> <span class='ocrx_word' id='word_1_229' title='bbox 1464 1881 1542 1965; x_wconf 84' lang='grc' dir='ltr'>θείῳ</span> 
     </span>
     <span class='ocr_line' id='line_1_56' title="bbox 932 1969 1543 2074; baseline 0.015 -31"><span class='ocrx_word' id='word_1_230' title='bbox 932 1983 984 2043; x_wconf 83' lang='grc' dir='ltr'>καί</span> <span class='ocrx_word' id='word_1_231' title='bbox 1012 1981 1173 2072; x_wconf 86' lang='grc' dir='ltr'>ἀσφάλτῳ,</span> <span class='ocrx_word' id='word_1_232' title='bbox 1193 1969 1434 2074; x_wconf 77' lang='grc' dir='ltr'>περιρραίνοντες</span> <span class='ocrx_word' id='word_1_233' title='bbox 1456 1989 1543 2052; x_wconf 81' lang='grc' dir='ltr'>ὕδατι</span> 
     </span>
    </p>
   </div>
   <div class='ocr_carea' id='block_1_10' title="bbox 913 2077 1543 2179">
    <p class='ocr_par' dir='ltr' id='par_1_10' title="bbox 913 2077 1543 2179">
     <span class='ocr_line' id='line_1_57' title="bbox 913 2077 1543 2179; baseline 0.019 -31"><span class='ocrx_word' id='word_1_234' title='bbox 913 2084 1097 2172; x_wconf 88' lang='grc' dir='ltr'>Ιθαλασσίῳ</span> <span class='ocrx_word' id='word_1_235' title='bbox 1115 2077 1273 2174; x_wconf 84' lang='grc' dir='ltr'>(καθαίρει</span> <span class='ocrx_word' id='word_1_236' title='bbox 1296 2095 1355 2176; x_wconf 83' lang='grc' dir='ltr'>γὰρ</span> <span class='ocrx_word' id='word_1_237' title='bbox 1377 2091 1465 2159; x_wconf 86' lang='grc' dir='ltr'>θεῖον</span> <span class='ocrx_word' id='word_1_238' title='bbox 1489 2095 1543 2179; x_wconf 82' lang='grc' dir='ltr'>μὲν</span> 
     </span>
    </p>
   </div>
   <div class='ocr_carea' id='block_1_11' title="bbox 932 2189 1544 2399">
    <p class='ocr_par' dir='ltr' id='par_1_11' title="bbox 932 2189 1544 2399">
     <span class='ocr_line' id='line_1_58' title="bbox 932 2189 1544 2300; baseline 0.02 -45"><span class='ocrx_word' id='word_1_239' title='bbox 932 2189 969 2256; x_wconf 87' lang='grc' dir='ltr'>δι’</span> <span class='ocrx_word' id='word_1_240' title='bbox 985 2195 1082 2286; x_wconf 72' lang='grc' dir='ltr'>ὀδμῆς</span> <span class='ocrx_word' id='word_1_241' title='bbox 1103 2192 1245 2279; x_wconf 82' lang='grc' dir='ltr'>ὀξύτητα,</span> <span class='ocrx_word' id='word_1_242' title='bbox 1270 2200 1351 2300; x_wconf 90' lang='grc' dir='ltr'>ύδωρ</span> <span class='ocrx_word' id='word_1_243' title='bbox 1372 2201 1406 2263; x_wconf 85' lang='grc' dir='ltr'>δὲ</span> <span class='ocrx_word' id='word_1_244' title='bbox 1422 2202 1544 2267; x_wconf 87' lang='grc' dir='ltr'>θαλάσ-</span> 
     </span>
     <span class='ocr_line' id='line_1_59' title="bbox 932 2302 1544 2399; baseline 0.015 -35"><span class='ocrx_word' id='word_1_245' title='bbox 932 2323 997 2364; x_wconf 92' lang='grc' dir='ltr'>σιον</span> <span class='ocrx_word' id='word_1_246' title='bbox 1021 2302 1070 2365; x_wconf 82' lang='grc' dir='ltr'>διὰ</span> <span class='ocrx_word' id='word_1_247' title='bbox 1091 2302 1147 2383; x_wconf 78' lang='grc' dir='ltr'>τὴν</span> <span class='ocrx_word' id='word_1_248' title='bbox 1169 2304 1315 2399; x_wconf 84' lang='grc' dir='ltr'>ἐμπύρων</span> <span class='ocrx_word' id='word_1_249' title='bbox 1344 2305 1463 2391; x_wconf 82' lang='grc' dir='ltr'>μερίδα)</span> <span class='ocrx_word' id='word_1_250' title='bbox 1482 2313 1544 2396; x_wconf 38' lang='grc' dir='ltr'>,καί</span> 
     </span>
    </p>
   </div>
   <div class='ocr_carea' id='block_1_12' title="bbox 925 2409 1545 2505">
    <p class='ocr_par' dir='ltr' id='par_1_12' title="bbox 925 2409 1545 2505">
     <span class='ocr_line' id='line_1_60' title="bbox 925 2409 1545 2505; baseline 0.01 -31"><span class='ocrx_word' id='word_1_251' title='bbox 925 2409 998 2492; x_wconf 78' lang='grc' dir='ltr'>,ζῷα</span> <span class='ocrx_word' id='word_1_252' title='bbox 1033 2415 1096 2482; x_wconf 82' lang='grc' dir='ltr'>τοῖς</span> <span class='ocrx_word' id='word_1_253' title='bbox 1128 2410 1214 2486; x_wconf 83' lang='grc' dir='ltr'>θεοῖς</span> <span class='ocrx_word' id='word_1_254' title='bbox 1251 2412 1283 2488; x_wconf 84' lang='grc' dir='ltr'>ἐν</span> <span class='ocrx_word' id='word_1_255' title='bbox 1317 2423 1356 2497; x_wconf 79' lang='grc' dir='ltr'>τῇ</span> <span class='ocrx_word' id='word_1_256' title='bbox 1389 2415 1545 2505; x_wconf 77' lang='grc' dir='ltr'>θρησκείᾳ</span> 
     </span>
    </p>
   </div>
   <div class='ocr_carea' id='block_1_13' title="bbox 930 2507 1628 4532">
    <p class='ocr_par' dir='ltr' id='par_1_13' title="bbox 930 2507 1628 4532">
     <span class='ocr_line' id='line_1_61' title="bbox 932 2507 1544 2601; baseline 0.02 -25"><span class='ocrx_word' id='word_1_257' title='bbox 932 2513 1090 2598; x_wconf 87' lang='grc' dir='ltr'>σύμμετρα</span> <span class='ocrx_word' id='word_1_258' title='bbox 1119 2507 1275 2601; x_wconf 75' lang='grc' dir='ltr'>προσῆγον</span> <span class='ocrx_word' id='word_1_259' title='bbox 1304 2522 1356 2582; x_wconf 86' lang='grc' dir='ltr'>καί</span> <span class='ocrx_word' id='word_1_260' title='bbox 1383 2525 1422 2585; x_wconf 88' lang='grc' dir='ltr'>τὰ</span> <span class='ocrx_word' id='word_1_261' title='bbox 1450 2517 1544 2588; x_wconf 78' lang='grc' dir='ltr'>λοιπὰ</span> 
     </span>
     <span class='ocr_line' id='line_1_62' title="bbox 931 2613 1544 2710; baseline 0.018 -27"><span class='ocrx_word' id='word_1_262' title='bbox 931 2613 1052 2704; x_wconf 51' lang='grc' dir='ltr'>ὁμοίως,</span> <span class='ocrx_word' id='word_1_263' title='bbox 1100 2624 1149 2704; x_wconf 77' lang='grc' dir='ltr'>διὰ</span> <span class='ocrx_word' id='word_1_264' title='bbox 1164 2633 1255 2687; x_wconf 84' lang='grc' dir='ltr'>τοῦτο</span> <span class='ocrx_word' id='word_1_265' title='bbox 1279 2626 1341 2690; x_wconf 84' lang='grc' dir='ltr'>ἀπὸ</span> <span class='ocrx_word' id='word_1_266' title='bbox 1357 2628 1475 2710; x_wconf 85' lang='grc' dir='ltr'>τούτων</span> <span class='ocrx_word' id='word_1_267' title='bbox 1491 2634 1544 2694; x_wconf 85' lang='grc' dir='ltr'>καί</span> 
     </span>
     <span class='ocr_line' id='line_1_63' title="bbox 931 2726 1628 2826; baseline 0.009 -34"><span class='ocrx_word' id='word_1_268' title='bbox 931 2739 992 2794; x_wconf 83' lang='grc' dir='ltr'>τῶν</span> <span class='ocrx_word' id='word_1_269' title='bbox 1029 2726 1175 2822; x_wconf 79' lang='grc' dir='ltr'>τοιούτων</span> <span class='ocrx_word' id='word_1_270' title='bbox 1220 2733 1393 2817; x_wconf 84' lang='grc' dir='ltr'>ἀρχόμενοι</span> <span class='ocrx_word' id='word_1_271' title='bbox 1422 2745 1545 2826; x_wconf 73' lang='grc' dir='ltr'>πρῶτον</span> <span class='ocrx_word' id='word_1_272' title='bbox 1626 2793 1628 2798; x_wconf 93' lang='grc'>.</span> 
     </span>
     <span class='ocr_line' id='line_1_64' title="bbox 931 2827 1545 2930; baseline 0.015 -31"><span class='ocrx_word' id='word_1_273' title='bbox 931 2839 985 2912; x_wconf 86' lang='grc' dir='ltr'>τὰς</span> <span class='ocrx_word' id='word_1_274' title='bbox 1012 2845 1074 2900; x_wconf 84' lang='grc' dir='ltr'>τῶν</span> <span class='ocrx_word' id='word_1_275' title='bbox 1104 2834 1256 2921; x_wconf 82' lang='grc' dir='ltr'>δαιμόνων</span> <span class='ocrx_word' id='word_1_276' title='bbox 1284 2839 1425 2930; x_wconf 86' lang='grc' dir='ltr'>δυνάμεις</span> <span class='ocrx_word' id='word_1_277' title='bbox 1453 2827 1545 2908; x_wconf 60' lang='lat' dir='ltr'>aare*</span> 
     </span>
     <span class='ocr_line' id='line_1_65' title="bbox 932 2943 1543 3032; baseline 0.013 -26"><span class='ocrx_word' id='word_1_278' title='bbox 932 2944 1035 3023; x_wconf 88' lang='grc' dir='ltr'>μαθον</span> <span class='ocrx_word' id='word_1_279' title='bbox 1070 2947 1165 3020; x_wconf 85' lang='grc' dir='ltr'>οὔσας</span> <span class='ocrx_word' id='word_1_280' title='bbox 1195 2949 1445 3032; x_wconf 79' lang='grc' dir='ltr'>προσεχεστάτας</span> <span class='ocrx_word' id='word_1_281' title='bbox 1480 2943 1543 3028; x_wconf 86' lang='grc' dir='ltr'>τοῖς</span> 
     </span>
     <span class='ocr_line' id='line_1_66' title="bbox 932 3050 1543 3140; baseline 0.02 -30"><span class='ocrx_word' id='word_1_282' title='bbox 932 3060 1071 3132; x_wconf 76' lang='grc' dir='ltr'>φυσικοῖς</span> <span class='ocrx_word' id='word_1_283' title='bbox 1093 3050 1253 3134; x_wconf 89' lang='grc' dir='ltr'>πράγμασι</span> <span class='ocrx_word' id='word_1_284' title='bbox 1275 3055 1327 3116; x_wconf 90' lang='grc' dir='ltr'>καί</span> <span class='ocrx_word' id='word_1_285' title='bbox 1351 3053 1469 3140; x_wconf 76' lang='grc' dir='ltr'>ἔργοις,</span> <span class='ocrx_word' id='word_1_286' title='bbox 1490 3059 1543 3122; x_wconf 87' lang='grc' dir='ltr'>καί</span> 
     </span>
     <span class='ocr_line' id='line_1_67' title="bbox 932 3156 1543 3244; baseline 0.008 -25"><span class='ocrx_word' id='word_1_287' title='bbox 932 3157 981 3220; x_wconf 86' lang='grc' dir='ltr'>διὰ</span> <span class='ocrx_word' id='word_1_288' title='bbox 1004 3156 1121 3219; x_wconf 90' lang='grc' dir='ltr'>τούτων</span> <span class='ocrx_word' id='word_1_289' title='bbox 1145 3166 1205 3240; x_wconf 86' lang='grc' dir='ltr'>τῶν</span> <span class='ocrx_word' id='word_1_290' title='bbox 1234 3170 1382 3243; x_wconf 84' lang='grc' dir='ltr'>φυσικῶν,</span> <span class='ocrx_word' id='word_1_291' title='bbox 1415 3161 1458 3238; x_wconf 87' lang='grc' dir='ltr'>οίς</span> <span class='ocrx_word' id='word_1_292' title='bbox 1485 3164 1543 3244; x_wconf 79' lang='grc' dir='ltr'>εἰσι</span> 
     </span>
     <span class='ocr_line' id='line_1_68' title="bbox 931 3249 1543 3354; baseline 0.008 -26"><span class='ocrx_word' id='word_1_293' title='bbox 931 3275 1103 3350; x_wconf 82' lang='grc' dir='ltr'>πρσοεγεῖς,</span> <span class='ocrx_word' id='word_1_294' title='bbox 1128 3265 1169 3339; x_wconf 79' lang='grc' dir='ltr'>εἰς</span> <span class='ocrx_word' id='word_1_295' title='bbox 1190 3249 1360 3348; x_wconf 89' lang='grc' dir='ltr'>παρουσίαν</span> <span class='ocrx_word' id='word_1_296' title='bbox 1377 3269 1543 3354; x_wconf 87' lang='grc' dir='ltr'>συνεκάλε-</span> 
     </span>
     <span class='ocr_line' id='line_1_69' title="bbox 932 3369 1541 3461; baseline 0.005 -25"><span class='ocrx_word' id='word_1_297' title='bbox 932 3371 1003 3436; x_wconf 86' lang='grc' dir='ltr'>σαν”</span> <span class='ocrx_word' id='word_1_298' title='bbox 1029 3372 1095 3435; x_wconf 78' lang='grc' dir='ltr'>εἶτα</span> <span class='ocrx_word' id='word_1_299' title='bbox 1118 3369 1189 3440; x_wconf 80' lang='grc' dir='ltr'>ἀπό</span> <span class='ocrx_word' id='word_1_300' title='bbox 1203 3383 1265 3436; x_wconf 86' lang='grc' dir='ltr'>τῶν</span> <span class='ocrx_word' id='word_1_301' title='bbox 1289 3373 1442 3458; x_wconf 79' lang='grc' dir='ltr'>δαιμόνων</span> <span class='ocrx_word' id='word_1_302' title='bbox 1465 3379 1541 3461; x_wconf 86' lang='grc' dir='ltr'>πρὸς</span> 
     </span>
     <span class='ocr_line' id='line_1_70' title="bbox 932 3481 1543 3567; baseline 0.008 -25"><span class='ocrx_word' id='word_1_303' title='bbox 932 3483 1026 3558; x_wconf 85' lang='grc' dir='ltr'>αὐτὰς</span> <span class='ocrx_word' id='word_1_304' title='bbox 1049 3484 1104 3558; x_wconf 84' lang='grc' dir='ltr'>τὰς</span> <span class='ocrx_word' id='word_1_305' title='bbox 1129 3484 1214 3547; x_wconf 84' lang='grc' dir='ltr'>θεῶν</span> <span class='ocrx_word' id='word_1_306' title='bbox 1228 3481 1380 3565; x_wconf 59' lang='grc' dir='ltr'>γδυνάμεις</span> <span class='ocrx_word' id='word_1_307' title='bbox 1395 3484 1448 3562; x_wconf 83' lang='grc' dir='ltr'>καί</span> <span class='ocrx_word' id='word_1_308' title='bbox 1462 3483 1543 3567; x_wconf 89' lang='grc' dir='ltr'>ἐνερ-</span> 
     </span>
     <span class='ocr_line' id='line_1_71' title="bbox 931 3581 1544 3674; baseline 0.002 -24"><span class='ocrx_word' id='word_1_309' title='bbox 931 3589 1016 3670; x_wconf 84' lang='grc' dir='ltr'>γείας</span> <span class='ocrx_word' id='word_1_310' title='bbox 1039 3587 1273 3674; x_wconf 70' lang='grc' dir='ltr'>προηλθσν,’τὰ</span> <span class='ocrx_word' id='word_1_311' title='bbox 1301 3589 1356 3672; x_wconf 82' lang='grc' dir='ltr'>μὲν</span> <span class='ocrx_word' id='word_1_312' title='bbox 1383 3581 1544 3654; x_wconf 64' lang='grc' dir='ltr'>διδασκόνέ</span> 
     </span>
     <span class='ocr_line' id='line_1_72' title="bbox 930 3696 1543 3780; baseline 0.002 -23"><span class='ocrx_word' id='word_1_313' title='bbox 930 3716 992 3758; x_wconf 89' lang='grc' dir='ltr'>των</span> <span class='ocrx_word' id='word_1_314' title='bbox 1005 3705 1066 3759; x_wconf 83' lang='grc' dir='ltr'>τῶν</span> <span class='ocrx_word' id='word_1_315' title='bbox 1076 3699 1229 3780; x_wconf 77' lang='grc' dir='ltr'>δαιμόνων</span> <span class='ocrx_word' id='word_1_316' title='bbox 1242 3696 1543 3780; x_wconf 84' lang='grc' dir='ltr'>προσμανθάνοντες,</span> 
     </span>
     <span class='ocr_line' id='line_1_73' title="bbox 931 3801 1542 3888; baseline 0.007 -26"><span class='ocrx_word' id='word_1_317' title='bbox 931 3803 1026 3866; x_wconf 85' lang='grc' dir='ltr'>τὰδὲ</span> <span class='ocrx_word' id='word_1_318' title='bbox 1050 3804 1110 3888; x_wconf 78' lang='grc' dir='ltr'>ἰδίᾳ</span> <span class='ocrx_word' id='word_1_319' title='bbox 1133 3801 1297 3887; x_wconf 85' lang='grc' dir='ltr'>φιλοπονίᾳ</span> <span class='ocrx_word' id='word_1_320' title='bbox 1325 3802 1542 3887; x_wconf 79' lang='grc' dir='ltr'>ἑρμηνεύοντες</span> 
     </span>
     <span class='ocr_line' id='line_1_74' title="bbox 930 3907 1543 3994; baseline 0.002 -22"><span class='ocrx_word' id='word_1_321' title='bbox 930 3907 969 3972; x_wconf 85' lang='grc' dir='ltr'>τὰ</span> <span class='ocrx_word' id='word_1_322' title='bbox 999 3910 1196 3994; x_wconf 76' lang='grc' dir='ltr'>προσήκοντα</span> <span class='ocrx_word' id='word_1_323' title='bbox 1226 3910 1377 3994; x_wconf 84' lang='grc' dir='ltr'>σύμβολα,</span> <span class='ocrx_word' id='word_1_324' title='bbox 1410 3909 1452 3986; x_wconf 84' lang='grc' dir='ltr'>εἰς</span> <span class='ocrx_word' id='word_1_325' title='bbox 1486 3912 1543 3993; x_wconf 79' lang='grc' dir='ltr'>την</span> 
     </span>
     <span class='ocr_line' id='line_1_75' title="bbox 931 4014 1542 4103; baseline 0.003 -25"><span class='ocrx_word' id='word_1_326' title='bbox 931 4015 1046 4080; x_wconf 85' lang='grc' dir='ltr'>οἰκείαν</span> <span class='ocrx_word' id='word_1_327' title='bbox 1070 4017 1156 4093; x_wconf 84' lang='grc' dir='ltr'>θεοῖς</span> <span class='ocrx_word' id='word_1_328' title='bbox 1179 4018 1284 4103; x_wconf 87' lang='grc' dir='ltr'>νόησιν</span> <span class='ocrx_word' id='word_1_329' title='bbox 1315 4014 1542 4102; x_wconf 68' lang='grc' dir='ltr'>ἀναβαίνοντες</span> 
     </span>
     <span class='ocr_line' id='line_1_76' title="bbox 930 4123 1543 4208; baseline 0 -23"><span class='ocrx_word' id='word_1_330' title='bbox 930 4125 983 4186; x_wconf 86' lang='grc' dir='ltr'>καί</span> <span class='ocrx_word' id='word_1_331' title='bbox 1005 4123 1094 4200; x_wconf 81' lang='grc' dir='ltr'>τέλος</span> <span class='ocrx_word' id='word_1_332' title='bbox 1109 4124 1358 4208; x_wconf 79' lang='grc' dir='ltr'>ύπεροφθὲντων</span> <span class='ocrx_word' id='word_1_333' title='bbox 1377 4134 1439 4190; x_wconf 80' lang='grc' dir='ltr'>τῶν</span> <span class='ocrx_word' id='word_1_334' title='bbox 1456 4147 1543 4208; x_wconf 45' lang='grc' dir='ltr'>φυσιν</span> 
     </span>
     <span class='ocr_line' id='line_1_77' title="bbox 931 4233 1543 4317; baseline 0.005 -24"><span class='ocrx_word' id='word_1_335' title='bbox 931 4240 995 4295; x_wconf 85' lang='grc' dir='ltr'>κῶν</span> <span class='ocrx_word' id='word_1_336' title='bbox 1015 4233 1214 4317; x_wconf 88' lang='grc' dir='ltr'>πραγμάτων</span> <span class='ocrx_word' id='word_1_337' title='bbox 1228 4233 1290 4294; x_wconf 83' lang='grc' dir='ltr'>καί</span> <span class='ocrx_word' id='word_1_338' title='bbox 1314 4233 1413 4316; x_wconf 82' lang='grc' dir='ltr'>ἔργων</span> <span class='ocrx_word' id='word_1_339' title='bbox 1428 4234 1483 4295; x_wconf 88' lang='grc' dir='ltr'>καί</span> <span class='ocrx_word' id='word_1_340' title='bbox 1505 4233 1543 4296; x_wconf 82' lang='grc' dir='ltr'>ἐκ</span> 
     </span>
     <span class='ocr_line' id='line_1_78' title="bbox 931 4337 1542 4423; baseline 0.005 -23"><span class='ocrx_word' id='word_1_341' title='bbox 931 4348 984 4402; x_wconf 78' lang='grc' dir='ltr'>τοῦ</span> <span class='ocrx_word' id='word_1_342' title='bbox 1007 4337 1152 4403; x_wconf 85' lang='grc' dir='ltr'>πλείστου</span> <span class='ocrx_word' id='word_1_343' title='bbox 1176 4338 1285 4422; x_wconf 74' lang='grc' dir='ltr'>μέρους</span> <span class='ocrx_word' id='word_1_344' title='bbox 1306 4349 1368 4402; x_wconf 83' lang='grc' dir='ltr'>τῶν</span> <span class='ocrx_word' id='word_1_345' title='bbox 1389 4340 1542 4423; x_wconf 88' lang='grc' dir='ltr'>δαιμόνων</span> 
     </span>
     <span class='ocr_line' id='line_1_79' title="bbox 931 4446 1541 4532; baseline -0.002 -24"><span class='ocrx_word' id='word_1_346' title='bbox 931 4447 973 4521; x_wconf 85' lang='grc' dir='ltr'>είς</span> <span class='ocrx_word' id='word_1_347' title='bbox 982 4448 1039 4528; x_wconf 81' lang='grc' dir='ltr'>τὴν</span> <span class='ocrx_word' id='word_1_348' title='bbox 1053 4446 1136 4509; x_wconf 86' lang='grc' dir='ltr'>θεῶν</span> <span class='ocrx_word' id='word_1_349' title='bbox 1149 4446 1312 4511; x_wconf 88' lang='grc' dir='ltr'>συνουσίαν</span> <span class='ocrx_word' id='word_1_350' title='bbox 1329 4446 1541 4532; x_wconf 77' lang='grc' dir='ltr'>ἀνεχώρησαν.</span> 
     </span>
    </p>
   </div>
   <div class='ocr_carea' id='block_1_14' title="bbox 0 0 1799 5208">
    <p class='ocr_par' dir='ltr' id='par_1_14' title="bbox 0 0 1799 5208">
     <span class='ocr_line' id='line_1_80' title="bbox 0 0 1799 5208; baseline 0 0"><span class='ocrx_word' id='word_1_351' title='bbox 0 0 1799 5208; x_wconf 95' lang='lat' dir='ltr'> </span> 
     </span>
    </p>
   </div>
  </div>
 </body>
</html>
