3588 5208
864 253 884 315 6

235 466 411 531 indicatur.
470 463 628 545 Sequitur
662 463 719 530 fol.
752 467 774 530 lr
812 469 829 532 l
867 462 968 548 ‘Opus
1002 464 1117 530 Procli.
1151 468 1191 530 de
1228 465 1401 532 sacrificio’
1442 472 1513 533 tres

236 573 401 653 complens
425 573 566 654 paginas
591 572 757 655 (ues.;fol.
782 575 804 640 h
828 577 848 639 8
872 575 920 658 v),
950 575 1038 654 quod
1068 575 1101 638 in
1129 573 1238 638 indice
1266 573 1435 654 apellatur
1463 571 1513 640 ‘de

236 679 400 748 sacrificio
424 684 458 745 et
481 677 611 762 magia’.
660 681 755 764 Quod
778 700 975 763 quamquam
992 698 1113 762 graece
1130 682 1219 760 quod
1235 682 1336 746 sciam
1352 699 1513 761 nusquam

236 791 340 869 extat,
371 791 571 855 tamennon
595 788 722 870 dubito,
753 789 831 868 quin
854 788 991 856 Ficinus
1014 790 1049 853 in
1073 789 1185 854 codice
1210 787 1322 868 aliquo
1345 787 1513 854 invenerit

135 915 137 920 ’
235 898 427 974 excerptum
450 895 596 981 Πρόκλου
619 897 688 980 περὶ
712 897 842 979 θυσιῶν,
868 897 1075 976 desumptum
1098 894 1245 960 fortasse
1263 897 1395 960 exeius
1418 895 1514 960 libris

235 1005 304 1087 cept
327 1005 453 1088 ἀγωγῆς
476 1001 530 1067 vel
554 1005 623 1087 περὶ
647 1003 789 1088 μυθικῶν
810 1004 988 1089 συμβόλων,
1013 1003 1166 1068 similiter
1183 1003 1284 1068 etiam
1300 1023 1341 1068 ex
1358 1021 1514 1083 commen:-

237 1110 333 1175 tariis
357 1110 397 1173 ad
424 1108 560 1173 oracula
583 1107 729 1174 frustula
753 1112 915 1190 quaedam
939 1112 973 1176 in
997 1111 1110 1175 codice
1134 1111 1243 1174 Vatie.
1271 1111 1355 1176 1026
1376 1115 1514 1182 servata

236 1223 314 1280 sunt
337 1215 403 1298 (ed.
428 1218 468 1280 A.
486 1217 588 1282 Jahn.
604 1216 706 1281 Halis-
729 1218 823 1282 1891.
870 1218 967 1282 Pitra
988 1218 1074 1283 anal.
1093 1219 1123 1282 V
1140 1222 1170 1299 ⁶2,
1197 1219 1282 1298 192).
1330 1217 1427 1299 Quod
1443 1235 1514 1286 cum

235 1323 370 1392 Ficinus
398 1325 573 1389 admodum
601 1322 746 1388 fideliter
775 1326 1019 1405 interpretatus
1050 1327 1104 1406 sit,
1137 1343 1252 1389 rursus
1285 1326 1319 1389 in
1352 1323 1514 1393 Graecam

238 1431 398 1513 linguam.
413 1432 512 1512 verti,
542 1448 613 1495 cum
640 1432 675 1495 in
708 1430 875 1496 nonnullis
904 1432 1022 1496 saltem
1050 1433 1163 1496 Procli
1191 1432 1296 1498 verba
1324 1431 1515 1513 recuperari

236 1555 333 1618 posse
346 1542 381 1603 et
392 1556 458 1603 non
471 1537 541 1602 sine
555 1536 704 1602 utilitate
715 1536 907 1619 recuperari
918 1539 1149 1604 existimarem.
1167 1537 1275 1603 Ficini
1285 1540 1515 1606 additamenta

236 1644 390 1734 cancellis
413 1644 541 1710 inclusi.
1018 1649 1019 1653 ’

483 1837 583 1944 opus
612 1838 734 1922 crocu
765 1839 813 1921 ιο
841 1837 1038 1922 sacrificio
1070 1841 1110 1922 et
1142 1811 1269 1943 mauu

505 1969 690 2047 interprete
714 1966 867 2037 Marsilio
892 1966 1009 2032 Ficiuo
1033 1967 1258 2031 Florentino,

303 2093 581 2177 Quemadmodum
609 2096 777 2157 amatores
805 2093 848 2156 ab
969 2090 1090 2178 Ὥσπερ
1119 2093 1147 2157 οῖ
1177 2095 1302 2179 ἐρασταὶ
1336 2088 1389 2154 ἀπ’
1419 2095 1514 2158 αὐτοῦ

236 2203 309 2283 ipsa
344 2198 599 2281 pulchritudine,
638 2217 723 2278 quae
757 2200 848 2263 circa
903 2211 957 2264 τοῦ
981 2203 1049 2285 περὶ
1072 2203 1128 2284 τὴν
1158 2201 1304 2284 αἴσθησιν
1330 2199 1514 2284 φαινομένου

196 2315 365 2374 ⁵sensum
412 2311 563 2387 apparet,
611 2307 655 2369 ad
701 2305 849 2371 divinam
903 2307 1039 2384 κάλλους
1055 2309 1130 2392 πρὸς
1146 2309 1181 2370 τὸ
1198 2307 1285 2372 θεῖον
1301 2309 1384 2370 κατὰ
1406 2309 1514 2390 μικρὸν

236 2414 397 2495 paulatim
418 2411 697 2493 pulchritudinem
713 2412 846 2478 ratione
901 2415 1095 2497 soliloquus
1116 2413 1340 2499 προβαίνουσιν,
1364 2416 1445 2478 οὕτω
1461 2416 1514 2477 καὶ

235 2519 505 2603 progrediuntur,
532 2519 580 2584 sio
602 2524 637 2584 et
653 2522 846 2586 sacerdotes
901 2523 929 2584 οἱ
965 2522 1090 2585 παλαιοὶ
1130 2522 1217 2606 ἱερεῖς
1256 2523 1447 2605 θεωροῦντες
1482 2521 1515 2583 ἐν

236 2627 376 2709 antiqui,
415 2646 486 2692 cum
525 2628 778 2692 considerarent
811 2627 846 2690 in
901 2639 964 2704 τοῖς
992 2639 1131 2712 φυσικοῖς
1158 2628 1337 2712 συγγένειάν
1364 2649 1431 2690 τινα
1460 2629 1514 2690 καλ

235 2736 334 2800 rebus
369 2735 578 2800 naturalibus
614 2733 847 2815 cognationem
903 2735 1099 2819 συμπάθειαν
1123 2732 1227 2799 ἄλλων
1251 2737 1326 2818 πρὸς
1357 2732 1439 2796 ἄλλα
1461 2735 1514 2796 καλ

129 2859 132 2868 “
184 2849 209 2890 ¹⁰
236 2844 401 2923 quandam
425 2843 748 2922 compassionemque
769 2841 847 2906 alio·
902 2840 963 2906 τῶν
1002 2842 1146 2924 ἐμφανῶν
1184 2843 1260 2924 πρός
1297 2843 1352 2916 τάς
1389 2841 1515 2922 ἀφανεῖς

235 2968 305 3014 rum
329 2948 456 3014 adalia
476 2953 510 3013 et
526 2947 780 3040 manifestorum
804 2950 848 3012 ad
903 2949 1043 3033 δυνάμεις
1084 2949 1137 3012 καὶ
1181 2948 1372 3031 εὑρίσκοντες
1414 2945 1515 3017 πάντα

236 3052 483 3123 uiresoccultas
494 3053 846 3121 etomniainomuibus
902 3057 934 3119 ἐν
953 3065 1045 3120 πᾶσιν
1056 3059 1112 3138 τὴν
1130 3056 1211 3138 ἱεράν
1227 3056 1329 3118 αὐτῶν
1344 3053 1514 3136 ἐπιστήμην

234 3163 434 3243 invenirent,
474 3181 604 3228 sacram
643 3181 755 3228 eorum
788 3163 847 3226 sci·
902 3162 1106 3246 κατέστησαν.
1167 3161 1346 3244 ἀνέγνωσαν
1383 3162 1442 3242 γάρ
1481 3159 1514 3222 ἐν

166 3263 167 3266 “
235 3271 358 3335 entiam
375 3271 603 3334 condiderunt.
636 3273 847 3350 agnoverunt
901 3279 964 3344 τοῖς
996 3267 1186 3344 κατωτάτοις
1215 3271 1255 3330 τὰ
1285 3266 1429 3330 ἀνώτατα
1460 3267 1513 3328 καὶ

182 3381 208 3423 15
235 3378 319 3442 enim
344 3382 378 3442 et
401 3378 435 3441 in
456 3375 576 3440 infimis
592 3393 746 3457 suprema
763 3380 796 3440 et
812 3376 846 3439 in
902 3375 934 3438 ἐν
957 3385 1019 3450 τοῖς
1044 3374 1211 3451 άνωτάτοις
1233 3376 1272 3437 τά
1287 3371 1463 3450 κατώτατα,
1480 3372 1513 3434 ἐν

235 3484 396 3564 supremis
412 3482 537 3547 infima:
555 3485 589 3546 in
606 3482 699 3548 caelo
717 3483 846 3561 quidem
903 3484 957 3564 μὲν
967 3483 1087 3566 οὐρανῷ
1097 3481 1136 3544 τά
1146 3481 1262 3566 χθόνια
1271 3475 1340 3543 κατ’
1350 3479 1448 3541 αἰτίαν
1460 3481 1513 3541 καὶ

156 3574 158 3578 ’
236 3596 371 3655 terrena
395 3591 571 3654 seeundum
589 3607 721 3654 oausam
738 3590 846 3652 modo·
900 3589 1014 3670 τρόπον
1026 3587 1175 3673 οὐράνιον,
1188 3589 1221 3652 ἐν
1232 3589 1265 3650 δὲ
1277 3594 1318 3670 γῇ
1329 3589 1367 3648 τὰ
1377 3585 1512 3668 οὐράνια,

236 3715 298 3777 que
322 3697 474 3777 caelesti3
498 3696 530 3760 in
553 3702 646 3760 terra
670 3713 750 3760 vero
776 3713 846 3760 cae·
901 3695 983 3758 ἀλλὰ
1004 3695 1117 3779 τρόπον
1137 3695 1275 3780 χθόνιον.
1329 3693 1431 3756 πόθεν
1453 3695 1513 3775 γὰρ

235 3804 343 3885 lestia,
369 3805 427 3869 sed
449 3805 545 3868 modo
573 3791 719 3868 terreno.
771 3819 846 3864 narn
901 3801 1033 3884 οἰόμεθα
1052 3805 1091 3864 τὰ
1107 3804 1189 3884 φυτὰ
1205 3801 1317 3878 ἐκεῖνα,
1338 3799 1514 3882 όιὴλιοτρό-1

114 3924 117 3929 ’
181 3925 208 3968 20
234 3913 320 3976 uude
336 3914 489 3991 putamus
506 3911 641 3991 plantas
657 3909 743 3990 illaS,
763 3927 845 3988 quas
900 3929 956 3972 ττια
967 3908 1125 3988 καλοῦσιν,
1135 3909 1217 3970 κατά
1228 3909 1284 3990 τὴν
1293 3906 1381 3990 ἡλίου
1396 3905 1513 3988 κίνησιν

234 4018 452 4098 heliotropias
494 4016 667 4082 nominant
710 4016 752 4100 [id
794 4020 846 4080 est
900 4019 976 4101 πρὸς
990 4016 1078 4100 ἥλιον
1093 4015 1258 4094 κινεῖσθαι,
1276 4017 1315 4078 τά
1332 4015 1365 4076 δὲ
1385 4013 1514 4095 σεληνό-

235 4124 441 4207 solisequas],
455 4126 499 4188 ad
515 4124 594 4188 solis
608 4129 731 4188 motum
744 4123 846 4188 solem
900 4121 1011 4206 τρόπια
1035 4125 1110 4206 πρὸς
1133 4121 1265 4205 σελήνην
1287 4119 1472 4206 τρὲπεσθαι;
1491 4121 1512 4201 ἢ

235 4250 352 4298 versus
368 4230 505 4312 moveri,
527 4233 587 4296 sed
603 4231 846 4310 selenotropias
902 4227 1002 4293 πάντα
1019 4231 1141 4312 εὔχεται
1157 4231 1210 4291 καὶ
1227 4231 1337 4311 ὕμνους
1355 4225 1421 4307 ᾄδει
1437 4227 1513 4310 πρὸς

235 4339 280 4424 [id
313 4343 365 4404 est
402 4337 605 4420 lunisequas]
649 4339 692 4401 ad
736 4337 847 4401 lunam
901 4338 971 4412 τοὺς
995 4346 1048 4419 τῆς
1077 4337 1178 4399 αὐτῶν
1206 4334 1322 4412 τάξεως
1348 4321 1512 4416 ἡγεμόνας,

181 4461 207 4504 25
235 4446 346 4513 verti?
391 4463 506 4526 nempe
531 4449 650 4509 cuncta
666 4449 847 4524 precantur
902 4442 984 4505 ἀλλὰ
1006 4444 1045 4505 τά
1068 4444 1122 4524 μὲν
1146 4444 1255 4526 νοητόν
1278 4440 1400 4525 τρόπον,
1424 4442 1464 4502 τά
1479 4439 1513 4502 δὲ

235 4553 438 4634 hymnosque
463 4551 640 4616 concinunt
661 4552 704 4614 ad
721 4549 858 4614 ordinis·
902 4550 1016 4634 νοερόν,
1033 4552 1072 4612 τά
1090 4547 1124 4610 δὲ
1144 4549 1284 4632 φυσικόν,
1297 4550 1335 4610 τά
1354 4544 1388 4608 δὲ
1401 4543 1513 4628 οιίσθκ,ἑ

236 4661 287 4725 sui
310 4661 424 4741 duoes3
449 4660 505 4722 sed
523 4657 590 4722 alia
607 4657 737 4738 quidem
752 4655 847 4721 intel·
901 4655 964 4719 τόν.
989 4657 1034 4719 διὸ
1051 4658 1087 4718 τό
1103 4652 1297 4739 ἡλιοτρόπιον
1310 4653 1412 4717 όντινα
1424 4652 1513 4718 δόνα·

234 4765 371 4831 lectuali
387 4767 492 4847 mode,
510 4766 577 4842 alia
593 4764 761 4844 rationali,
781 4763 847 4826 alia
901 4785 951 4826 ται
969 4762 1082 4846 τρόπον
1096 4761 1272 4846 ττρὸςῆλιον
1291 4771 1426 4824 κινεῖται.
1459 4760 1512 4828 καί
