3588 5208
805 226 1018 326 „9—

219 455 259 496 no
272 457 372 520 super
394 439 542 505 ordinem
559 459 668 507 rerum
682 441 884 523 colliguntur
940 440 991 508 ὑπ’
999 441 1104 520 ἄλλοις
1115 443 1237 530 ἐφόροις
1248 444 1418 509 τάττονται.
1446 445 1552 510 ἔπειτα

272 549 315 626 λιιι
326 566 401 629 uuo,
423 547 506 613 haec
527 547 681 629 deinceps
698 548 885 613 dilatantur
938 553 992 614 καί
1008 551 1075 636 ζῷά
1091 549 1173 616 ἐστιν
1185 552 1302 637 ἡλιακά
1317 552 1430 634 πολλά,
1447 542 1552 636 ὥσπερ·

272 657 306 720 in
323 656 561 735 descendendo,
579 656 637 720 ubi
652 655 740 720 aliae
756 654 885 720 ammae
940 657 1062 736 λέοντες
1088 661 1142 722 καί
1170 656 1382 743 ἀλεκτρυόνες,
1411 653 1552 744 δαίμονός

273 762 334 826 sub
357 761 545 827 numinibus
569 761 646 828 aliis
675 764 882 828 ordinantur.
939 785 1020 842 τινος
1056 766 1190 852 ἡλιακοῦ
1226 768 1310 829 κατά
1343 769 1399 850 τὴν
1434 763 1553 830 ἑαυτῶν

273 868 391 934 deinde
415 873 449 934 et
473 867 630 934 animalia
659 874 736 934 sunt
760 869 885 935 solaria
940 873 1030 956 φύσιν
1047 872 1236 959 μετέχοντες.

220 987 259 1029 115
272 977 386 1058 multa,
426 976 521 1042 velut
562 977 674 1044 leones
718 981 753 1042 et
792 976 884 1058 galli,

273 1083 415 1160 numinis
454 1085 622 1148 cuiusdam
663 1084 785 1150 solaris
824 1102 885 1165 pro

274 1209 335 1256 sua
380 1195 504 1256 natura
553 1193 750 1272 participes:
799 1192 885 1256 unde
1277 1194 1355 1260 όθεν
1370 1193 1554 1280 θαυμαστόν

274 1297 390 1365 mirum
428 1303 491 1381 est,
531 1303 691 1379 quantum
725 1297 886 1363 inferiora
941 1301 1013 1364 door
1049 1303 1090 1363 τά
1127 1299 1290 1387 κατώτερα
1328 1303 1360 1366 ἐν
1397 1312 1437 1386 τῇ
1475 1304 1553 1387 αὐτῇ

274 1407 308 1470 in
332 1407 446 1474 eodem
470 1405 586 1470 ordine
614 1407 736 1471 cedant
764 1407 886 1486 superi·
940 1407 1023 1484 τάξει
1036 1407 1173 1471 λείπεται
1184 1417 1246 1473 τῶν
1256 1408 1442 1494 ὑπερτέρων,
1453 1409 1554 1474 καίτοι

221 1529 261 1571 120
276 1513 400 1594 oribus,
451 1514 603 1593 quamvis
648 1512 895 1594 magnitudine·
942 1512 1070 1599 μεγέθει
1085 1515 1138 1577 καί
1162 1515 1288 1599 δυνάμει
1311 1518 1353 1599 μὴ
1376 1516 1553 1600 λειπόμενοι.

256 1621 492 1702 potentiaque
526 1639 592 1685 uon
628 1622 758 1685 cedant.
811 1619 887 1684 hinc
942 1621 1097 1685 ἐντεῦθεν,
1122 1620 1248 1706 λέγουσι
1282 1624 1335 1686 τόν
1363 1618 1555 1707 ἀλεκτρυόνα
1611 1637 1613 1642 ·

275 1727 387 1793 ierunt
422 1726 545 1808 gallum
585 1728 696 1792 timeri
735 1746 754 1792 a
792 1727 887 1792 leone
943 1727 1110 1812 φοβεῖσθαι
1122 1726 1183 1791 ὑπὸ
1200 1737 1255 1791 τοῦ
1271 1725 1395 1806 λέοντος
1411 1730 1556 1795 πλεῖστον

275 1853 372 1916 quarn
401 1833 575 1915 plurimum
610 1840 644 1900 et
678 1836 774 1914 quasi
809 1835 887 1914 ooli3
943 1835 1015 1916 όσον
1030 1837 1083 1898 καί
1099 1835 1163 1899 οίον
1179 1835 1431 1920 θρησκεύεσθαι·
1448 1834 1484 1899 ού
1499 1839 1555 1920 τὴν

275 1944 367 2008 ouius
383 1941 433 2006 rei
450 1960 582 2006 causam
606 1960 627 2006 a
650 1941 793 2006 materia
818 1959 888 2006 sen·
943 1941 1042 2006 αἰτίαν
1056 1942 1099 2018 είς
1108 1941 1185 2027 ύλην
1198 1943 1219 2026 ἢ
1234 1943 1382 2025 αἴσθησιν
1393 1939 1556 2028 ἀναφέρειν
1601 1983 1603 1990 2

222 2063 357 2117 12ῡουνε
392 2049 569 2130 assignare
603 2066 669 2121 non
704 2067 887 2129 possumus,
944 2051 980 2114 ού
1003 2045 1175 2134 δυνάμεθα,
1202 2049 1284 2114 άλλά
1308 2050 1400 2134 μόνον
1430 2051 1472 2126 εἰς
1499 2054 1555 2134 τὴν

276 2159 335 2226 sed
373 2156 477 2222 solum
512 2153 557 2220 ab'
591 2156 718 2221 ordinis
754 2157 887 2237 superni
941 2164 998 2239 τῆς
1021 2156 1144 2221 ἀνωθεν
1171 2155 1287 2233 τάξεως
1314 2157 1461 2242 θεωρίαν,
1489 2158 1556 2221 ἐπεί

276 2264 565 2345 contemplatione,
606 2263 761 2345 quoniam
800 2265 888 2329 vide·
944 2263 1086 2348 δηλονότι
1109 2264 1129 2347 ἡ
1156 2273 1211 2347 τῆς
1238 2264 1375 2348 ἡλιακῆς
1399 2265 1556 2348 δυνάμεως

276 2373 354 2437 licet
378 2370 572 2451 praesentia
588 2370 721 2436 solaris
750 2371 888 2444 virtutis
944 2370 1097 2456 παρουσία
1160 2367 1312 2452 προσήκει
1375 2371 1556 2456 ἀλεκτρυόνι

276 2479 435 2544 convenit
444 2478 535 2560 gallo
548 2479 655 2559 magis
671 2495 774 2558 quam·
785 2476 889 2558 leoni3
946 2477 1063 2562 μάλλον
1091 2478 1113 2560 ἢ
1143 2475 1257 2541 λέοντι·
1287 2477 1303 2540 ὃ
1330 2481 1383 2541 καί
1411 2478 1556 2542 ἐντεῦθεν
1572 2500 1581 2532 ’.

223 2596 262 2639 130
278 2587 363 2666 quod
377 2585 665 2666 etindeapparet,
685 2587 763 2666 qnia
778 2584 888 2665 gallus
944 2583 1093 2668 φαίνεται,
1133 2585 1179 2648 ότι
1217 2583 1234 2646 δ
1277 2585 1455 2670 ἀλεκτρυὼν
1493 2582 1556 2650 οίον

277 2693 373 2772 quasi
388 2693 584 2772 quibusdam
601 2692 731 2773 hymnis
754 2691 889 2772 applau-
943 2693 1047 2776 ύμνοις
1059 2691 1136 2756 τισίν
1149 2692 1335 2777 ἐγκωμιάζει
1347 2690 1557 2756 ἀνατέλλοντα

277 2799 327 2864 dit
340 2801 493 2881 surgenti
505 2799 568 2864 soli
580 2803 615 2864 et
626 2799 722 2879 quasi
732 2793 887 2878 aduocat,
943 2801 996 2862 τόν
1027 2795 1114 2882 ἣλιον
1145 2797 1198 2862 καί
1230 2797 1293 2863 οίον
1324 2799 1556 2882 προσκαλείταις

278 2908 410 2986 quando
421 2905 666 2987 err-antipodum
677 2905 784 2971 medio
796 2904 887 2970 caelo
943 2906 995 2969 ότε
1016 2906 1055 2969 ἐκ
1069 2914 1125 2970 τοῦ
1140 2915 1202 2970 τῶν
1218 2905 1390 2970 ἀντιπόδων
1407 2924 1557 2990 μεσουρα-

277 3015 322 3078 ad
338 3031 397 3078 nos
414 3011 612 3078 deflectitur.
638 3018 673 3078 et
692 3014 890 3094 quandoque
944 3012 1079 3096 νήματος
1106 3014 1181 3096 πρὸς
1209 3014 1289 3097 ἡμᾶς
1316 3012 1468 3096 τρέπεται.
1504 3015 1576 3076 καί
1605 3057 1607 3064 ·

225 3137 263 3180 rao
277 3120 427 3187 nonnulli
465 3121 593 3186 solares
640 3120 752 3202 angeli
791 3136 890 3199 appa·
944 3119 1040 3183 ἐνίοτε
1070 3117 1199 3202 ἄγγελοί
1227 3139 1305 3196 τινες
1334 3119 1458 3204 ἡλιακοί
1489 3121 1557 3183 ἀνε-

277 3233 416 3294 ruerunt
427 3227 543 3292 formis
559 3228 718 3293 eiusmodi
735 3227 888 3307 praediti,
945 3225 1086 3311 φάνησαν
1101 3226 1244 3302 τοιαύτας
1257 3229 1376 3310 μορφάς
1387 3225 1558 3311 τροβεβλη·

279 3340 380 3416 atque
405 3353 477 3399 curn
500 3335 565 3416 ipsi
588 3334 675 3400 inse
696 3333 890 3398 sineforura
945 3333 1029 3417 μένοι
1051 3333 1105 3395 καί
1128 3335 1215 3398 αύτοί
1230 3329 1318 3397 καθ’
1337 3332 1447 3409 αὑτοὺς
1463 3334 1557 3418 άμόρ

279 3447 400 3524 essent,
417 3443 514 3508 uobis
530 3449 652 3523 tamen,
678 3440 733 3522 qui
754 3439 891 3506 formati
945 3461 1042 3522 φωτοι
1065 3442 1150 3516 ὄντες
1177 3442 1248 3525 ἡμῖν
1276 3440 1358 3524 ὅμως
1387 3449 1558 3524 μορφωτοῖς

279 3567 397 3628 sumus
424 3551 598 3618 occurrere
627 3548 773 3614 formati.
814 3566 890 3613 non·
945 3544 1030 3611 οὖσιν
1068 3546 1213 3633 ἐνέτυχον
1252 3547 1418 3632 μορρωτοί.
1461 3546 1576 3611 ἐνίοτε

226 3669 445 3737 nonunquam
478 3655 579 3721 etiam
614 3658 790 3721 daemones
826 3653 891 3720 visi
945 3656 1006 3722 <δὲ>
1019 3657 1072 3718 καί
1096 3654 1236 3737 δαίμονες
1260 3655 1415 3738 ὤφθησαν
1434 3651 1558 3738 ἡλιακοί

170 3817 173 3836 ,
279 3768 356 3829 sunt
366 3762 493 3828 solares
502 3762 890 3844 leoninafronte,quibus
946 3762 1224 3845 λεοντοπρόσωτοι,
1277 3764 1306 3826 οἳ
1355 3758 1559 3844 ἀλεκτρυόνος
1620 3821 1624 3826 .

279 3889 351 3935 cum
381 3870 490 3951 gallus
521 3872 719 3951 obiceretur,
752 3873 891 3950 repente
945 3868 1156 3954 τροταθίντος
1167 3868 1311 3953 ἐξαίφνης
1322 3865 1558 3953 ἠφανίσθησαν.

279 3977 526 4058 disparuerunt.
568 3979 656 4058 qnod
669 3978 799 4057 quidem
815 3977 891 4040 inde
946 3975 982 4040 ού
1005 3978 1026 4060 ἡ
1048 3975 1139 4055 αἰτία,
1163 3978 1210 4040 ότι
1233 3977 1281 4039 ἀεί
1304 3976 1344 4039 τά
1366 3976 1398 4038 ἐν
1421 3984 1460 4060 τῇ
1480 3976 1559 4058 αὐτῇ

280 4085 443 4165 procedit,
469 4086 557 4165 quod
584 4102 713 4165 semper
743 4099 829 4165 quae
857 4083 891 4148 in
946 4083 1029 4161 τάξει
1051 4079 1220 4166 κατωτέρω
1242 4082 1415 4166 τεταγμένα
1437 4079 1579 4166 σέβεταιι
1608 4097 1611 4130 2

225 4213 265 4256 του
280 4195 392 4258 eodem
432 4193 547 4258 ordine
581 4193 775 4256 constituta
813 4190 892 4256 infe·
946 4194 985 4254 τά
1022 4189 1182 4273 ἀνωτέρω·
1227 4186 1376 4273 καθάπερ
1420 4189 1559 4253 πλεῖστοι

280 4298 372 4364 riora
385 4304 472 4380 sunt,
486 4304 685 4364 reverentur
702 4298 891 4379 superiora3
947 4296 1101 4382 θεώμενοι
1140 4298 1259 4380 ἀνδρῶν
1298 4296 1419 4371 εἰκόνας
1462 4294 1560 4359 θείων

281 4396 892 4487 quemadmodum·pleriqueintueutes
948 4409 1025 4489 αὐτῇ
1061 4404 1158 4488 ταύτῃ
1192 4413 1230 4488 τῇ
1266 4402 1330 4487 θέᾳ
1364 4402 1560 4488 αἰσχύναντα

281 4515 428 4580 virorum
444 4515 606 4594 imagines
628 4512 815 4577 divinornm
831 4512 893 4577 hoo
948 4510 1076 4597 αἰσχρόν
1098 4534 1127 4575 τι
1150 4512 1234 4594 δρᾶν.

279 4620 352 4701 ipso
376 4628 515 4702 aspectu
538 4622 649 4686 vereri
670 4620 779 4685 solent
795 4626 893 4698 turpe

227 4747 265 4788 nn
281 4727 407 4809 aliquid
431 4734 636 4809 perpetrare.
