3588 5208
892 241 933 305 13

321 507 322 512 1
377 455 440 520 193
487 453 644 519 cnebison
668 455 747 535 quid
771 452 817 519 sit
839 456 964 537 nescio,
984 472 1046 520 nec
1068 455 1176 535 magis
1200 455 1279 534 quid
1302 451 1480 518 raccinum.
1544 505 1547 510 .

376 563 441 628 194
486 560 544 643 qui
566 579 686 627 numen
709 561 845 643 aliquod
870 561 1052 627 excitaturi
1075 564 1182 642 erant,
1207 561 1426 647 φυλακτηρίοις
1446 557 1548 626 cave·

268 670 362 745 hant,
393 671 435 734 ne
466 687 487 733 a
517 670 578 734 deo
614 673 810 762 apparente,
847 667 943 750 quem
978 673 1016 732 ut
1045 671 1174 756 χθόνιον
1205 666 1378 750 sanguinis
1413 668 1548 733 avidum

268 776 444 858 putabant,
461 777 584 840 ‘sivea
608 777 766 842 daemone
786 775 933 858 maligno
955 777 1009 840 dei
1028 773 1170 856 speciem
1190 775 1355 840 induente.
1372 769 1547 858 (Phil'ostr'.

14 909 21 930 ·
138 923 140 927 v
270 903 302 949 v.
332 883 395 963 Ap.
425 883 471 946 VI
503 885 584 964 116)
615 882 887 949 interficerentur
903 881 976 966 ¹(cf.
1013 901 1089 964 pap.
1124 883 1217 948 Leid.
1253 884 1341 962 apud
1357 881 1549 948 leleterich

269 992 425 1056 Abraxas
453 993 562 1076 170,14
585 992 646 1072 θὺε
670 993 703 1056 δέ
726 992 838 1058 λευκὸν
862 991 1018 1077 ἀλέκτορα
1040 992 1171 1072 ἀσπιλρν
1194 994 1247 1056 καί
1270 991 1367 1055 ἀλλον
1395 993 1472 1075 ἄφες
1494 993 1548 1055 καί

269 1102 450 1185 περιστερὰν
487 1096 605 1184 ὁμοίαν,
633 1101 684 1166 ἵνα
714 1097 763 1164 σί.
785 1097 840 1162 ἐὰν
873 1099 1021 1184 βούληται
1055 1097 1212 1174 εἰσελθὼν,
1244 1096 1371 1176 ὁθεὸς
1397 1105 1550 1183 πνεῦμα

270 1205 366 1292 λοίβῃ
391 1203 432 1269 ct.
455 1203 579 1300 Porph.
598 1207 639 1269 de
660 1223 749 1269 orac.
775 1204 893 1286 philos.
921 1205 983 1270 148
1011 1202 1117 1285 Wolff,
1134 1203 1231 1268 Kroll
1251 1206 1356 1269 deor.
1374 1202 1489 1268 Chald.
1506 1204 1549 1268 58

270 1311 396 1378 Grimm
430 1313 589 1377 deutsche
617 1312 724 1393 Myth.
754 1312 805 1377 III
835 1313 899 1378 451
931 1330 1016 1381 num.
1046 1313 1112 1377 499
1142 1311 1323 1377 Liebrecht
1350 1329 1409 1375 zur
1432 1309 1551 1377 Volksssv

269 1421 386 1485 kunde
403 1418 470 1484 385
491 1437 525 1483 n.
556 1421 572 1483 1
604 1417 638 1484 O.
663 1419 784 1501 ¹Meyer
812 1418 950 1501 Abergl.
980 1421 1010 1484 d.
1040 1419 1260 1484 Mittelalters
1288 1418 1351 1483 291
1388 1417 1551 1485 Lubboale

270 1528 448 1608 Ursprung
472 1528 532 1590 der
555 1525 673 1590 Cultor
696 1526 792 1610 302):
817 1545 892 1608 pap.
913 1525 1021 1591 Paris,
1038 1543 1161 1608 magna
1177 1526 1348 1609 (Wessely
1363 1522 1550 1593 Denkechra

272 1635 303 1700 d.
346 1631 483 1698 Wiener
529 1632 638 1697 Akad.
682 1633 849 1717 XXXVI)
893 1633 991 1699 7886
1029 1634 1238 1720 φυλακτήριον
1282 1635 1358 1718 πρὸς
1400 1636 1550 1721 δαιμόνια.

274 1741 347 1806 257.
386 1740 467 1806 1071
510 1745 573 1805 etc.
619 1739 673 1816 (ct.
712 1740 853 1807 indicem
893 1740 919 1806 s
959 1741 1018 1824 ν.)
1084 1740 1233 1805 Laurus
1277 1739 1393 1822 igitur*
1426 1740 1551 1806 talibus

270 1849 305 1913 in
328 1847 428 1913 rebus
452 1847 631 1914 adhibetur
655 1849 862 1928 saepissime:
889 1847 929 1913 ct.
955 1867 1031 1929 pap.
1056 1848 1172 1914 Berol·
1192 1866 1279 1929 mag.
1304 1847 1321 1911 Ι
1342 1848 1419 1912 640
1440 1846 1550 1914 Paris,

273 1956 369 2021 2582.
387 1955 474 2020 2679
491 1953 604 2020 Niclas
621 1957 664 2019 ad
681 1953 785 2036 Geop.
801 1955 853 2020 XI
868 1957 918 2036 2‚5
937 1954 1036 2020 Riess
1056 1973 1110 2036 ap.
1126 1954 1413 2036 Pauly-Wissowa
1428 1954 1445 2019 Ι
1461 1954 1550 2037 6019

272 2061 368 2128 Heim
391 2062 482 2127 Neue
506 2061 587 2127 Jbb.
612 2060 725 2142 Suppl.
749 2061 834 2126 XIX
860 2062 924 2127 508
948 2061 1079 2127 Heliod.
1104 2061 1401 2142 Aethiop.100‚30.
1425 2063 1551 2143 176,27;

272 2170 307 2235 in
330 2169 417 2234 lauri
439 2167 529 2251 foliis
554 2167 714 2234 formulae
737 2168 888 2251 magicae
904 2169 1098 2234 scribuntur
1118 2186 1193 2250 pap.
1211 2168 1319 2233 Paris.
1337 2169 1421 2235 2207
1439 2167 1470 2233 Α
1485 2169 1552 2234 384

273 2277 302 2341 L
326 2277 401 2342 869.
432 2277 496 2342 889
527 2276 571 2341 W
601 2277 713 2357 204‚‘23
745 2277 870 2342 Theod.
904 2275 1167 2358 Prisc..2ld,18;
1196 2294 1271 2357 pap.
1300 2275 1411 2341 Berol.
1441 2275 1458 2341 I
1486 2277 1552 2342 264

273 2385 331 2449 ubi
357 2383 392 2449 in
425 2388 551 2464 septem
583 2383 673 2448 foliis
701 2384 789 2449 lauri
816 2383 939 2466 singuli
967 2392 1162 2472 χαρακτῆρες
1191 2385 1316 2472 μαγικοί
1342 2382 1552 2448 scribuntur:

273 2502 364 2558 τοῦτο
393 2494 454 2578 γὰρ
480 2491 605 2577 λέγεται
638 2492 813 2579 μέγιστον
844 2492 1015 2578 σώματος
1045 2492 1289 2578 φυλακτικόν,
1321 2492 1354 2557 ἐν
1375 2490 1410 2577 ᾧ
1440 2491 1552 2569 πάντες

275 2600 500 2665 ὑποτάσσονται
523 2602 577 2682 καί
600 2599 751 2665 θάλασσα
778 2603 831 2664 καί
854 2600 970 2686 πέτραι,
991 2600 1152 2685 φρίσσουσι
1181 2601 1234 2663 καί
1264 2599 1404 2684 δαίμονες
1433 2599 1553 2683 φυλακ-

273 2703 431 2793 τήριυν(ί)
454 2710 510 2792 τὴν
533 2707 624 2773 θείαν
647 2708 774 2792 δύναμιν
796 2709 835 2792 ἣν
859 2708 979 2793 μέλλεις
1003 2706 1101 2795 ἔχειν’
1126 2709 1207 2773 ἔστιν
1222 2709 1282 2792 γὰρ
1298 2706 1553 2793 φυλακτήριον

276 2815 451 2901 μέγιστον
480 2825 536 2900 τῆς
562 2815 713 2900 πράξεως,
745 2815 795 2880 ἵνα
824 2816 922 2901 μηδὲν
951 2825 1105 2900 πτωητῇς.
1158 2813 1210 2878 De
1241 2830 1359 2893 cepae
1389 2811 1553 2895 religione

275 2918 317 2984 ot.
353 2938 428 3000 pap.
464 2920 571 2984 Paris.
613 2922 700 2985 1340
737 2924 790 2986 καί
829 2923 997 3008 ἑντὺγχανε
1034 2931 1158 3008 κρατῶν
1195 2922 1353 3007 κρόμμυον
1392 2924 1553 3007 μονογενὲς

275 3028 444 3118 ΙΑίγύπτιον
478 3026 695 3110 (phylacterii
727 3028 856 3111 causa),
892 3027 933 3093 of.
969 3028 1021 3093 87).
1054 3028 1143 3093 2684
1175 3059 1208 3078 =
1242 3027 1338 3092 2650.
1374 3027 1476 3109 3260;
1512 3029 1554 3092 de

277 3133 393 3200 serua
420 3135 517 3200 μου
545 3135 567 3200 ι.
597 3154 624 3200 0.
654 3117 745 3216 orso
771 3135 902 3201 aaaron
932 3136 976 3200 aa
1007 3134 1122 3200 uersu.
1153 3136 1314 3201 veterum.
1343 3133 1434 3215 urps.
1469 3119 1551 3202 reor

277 3237 308 3323 p.
340 3244 379 3307 17
412 3240 515 3323 Geop.
547 3242 612 3307 XV
639 3229 701 3323 ,1,7.
746 3243 797 3308 De
828 3242 980 3308 corallo
1011 3243 1097 3308 Plin.
1128 3240 1266 3306 XXXII
1297 3243 1339 3314 23
1372 3239 1554 3324 harispices

277 3369 391 3436 carnin
418 3346 611 3432 (Indorum)
638 3353 791 3430 vatesque
819 3347 977 3431 inprimis
1005 3346 1197 3432 religiosam
1219 3346 1255 3411 id
1277 3352 1555 3431 pestarnenamo·

278 3454 399 3520 tiendis
422 3453 585 3538 periculis
614 3454 839 3520 arbitrantur:
868 3455 919 3519 ita
948 3461 980 3520 et
1007 3456 1120 3520 decore
1151 3459 1182 3518 et
1211 3454 1368 3538 religione
1397 3455 1553 3538 gandent.

278 3563 381 3644 Orph.
410 3561 482 3628 lith.
517 3564 585 3629 510
617 3566 685 3631 ἴσθι
720 3561 748 3630 δ’
759 3563 944 3650 ἀμαλδὺνειν
978 3565 1133 3652 σκορπήια
1166 3565 1280 3650 κέντρα
1313 3565 1467 3630 δύνασθαι
1500 3567 1555 3630 καί

278 3671 475 3759 Περσηιάδαο
499 3672 586 3760 μένος
618 3672 698 3758 μέγα
727 3671 904 3760 κουραλίοιο
931 3674 987 3759 ἠδέ
1017 3673 1214 3760 παλαμναίην
1241 3672 1411 3758 ἀνεμώλιον
1439 3671 1555 3766 ἀσπίδα

279 3775 391 3845 θεῖναι.
437 3771 502 3844 578
529 3769 593 3856 saa.
621 3777 724 3860 Geop.
758 3779 823 3843 XV
855 3781 918 3861 l,31
944 3782 961 3844 ὁ
983 3780 1148 3866 κουράλιος
1171 3780 1262 3858 λίθος
1288 3779 1427 3864 κείμενος
1456 3779 1489 3843 ἐν
1515 3789 1554 3866 τῇ

279 3886 363 3972 οἰκίᾳ
384 3886 486 3952 πάντα
510 3869 631 3971 φθόνον
653 3889 707 3952 καί
731 3885 896 3972 ἐπιβουλὴν
919 3886 1051 3952 ἐλαύνει.
1096 3885 1218 3968 Damig
1238 3905 1272 3951 c:
1295 3888 1312 3952 7
1338 3883 1450 3968 (Pina
1473 3884 1554 3966 spic.

279 3989 417 4058 Solesm.
441 3992 494 4057 ΙΙΙ
516 3993 597 4076 327)
621 4011 697 4074 pap.
722 3993 821 4058 PariS
844 3993 948 4074 2304;
972 3995 1012 4059 de
1036 3995 1245 4059 adamante
1273 3991 1359 4058 Plio.
1387 3991 1556 4081 XXXVII

282 4099 345 4164 192
370 4096 559 4163 anancitide
584 4101 630 4182 (=
655 4102 842 4181 adamante,
860 4099 901 4165 cf.
920 4101 974 4181 61)
996 4097 1033 4163 in
1049 4084 1282 4192 hydromantia
1297 4097 1414 4162 dicant
1429 4096 1557 4162 evocari

280 4203 612 4289 imagincs'deornrn.
660 4205 762 4288 Orph.
786 4207 860 4272 lith.
887 4209 964 4272 194:
989 4211 1023 4272 et
1046 4209 1180 4284 deorum
1196 4211 1231 4272 et
1248 4205 1411 4276 hominum
1428 4205 1556 4288 animos

282 4313 445 4396 conciliat,
454 4313 605 4400 gestanti
621 4314 694 4397 (ubi
709 4314 866 4380 Salmasii
881 4314 1106 4380 coniecturam
1128 4315 1297 4401 ἀναγκίτην
1313 4333 1373 4394 pro
1390 4311 1557 4400 ἀνακτίτην

281 4438 439 4501 spernere
462 4440 528 4487 non
552 4422 719 4499 debebant
744 4422 828 4487 Abel
849 4440 913 4488 nec
937 4423 976 4487 de
998 4421 1091 4503 hely
1113 4420 1296 4502 lapidaires
1320 4437 1418 4502 grecs
1437 4440 1469 4501 p.
1493 4421 1556 4486 142

281 4525 324 4592 of.
349 4528 465 4609 abab)
488 4528 625 4610 Damigr
646 4532 665 4596 3
689 4528 801 4610 (Pltra
817 4528 896 4610 spic.
919 4527 1055 4595 Solesm.
1079 4527 1238 4612 111326).
1263 4563 1305 4575 -—
1329 4527 1380 4593 De
1400 4526 1557 4609 iaspide

392 4669 411 4739 1)
430 4671 577 4728 Ruellium
598 4672 627 4726 et
646 4669 682 4728 de
701 4666 828 4738 helyam
851 4670 1063 4740 lapidariorum
1082 4655 1400 4741 graecorum-editores
1419 4683 1477 4724 non
1491 4651 1556 4736 esur

280 4775 371 4842 .puam
398 4759 545 4816 dehebant
564 4759 750 4830 diligentiam
775 4759 947 4816 adhibuisse
975 4760 1141 4832 suspicatus
1167 4759 1364 4832 suspicionem
1390 4756 1558 4849 confirmari
