<?xml version="1.0" encoding="UTF-8"?>
<!DOCTYPE html PUBLIC "-//W3C//DTD XHTML 1.0 Transitional//EN"
    "http://www.w3.org/TR/xhtml1/DTD/xhtml1-transitional.dtd">
<html xmlns="http://www.w3.org/1999/xhtml" xml:lang="en" lang="en">
 <head>
  <title>
</title>
<meta http-equiv="Content-Type" content="text/html;charset=utf-8" />
  <meta name='ocr-system' content='tesseract 3.04.00' />
  <meta name='ocr-capabilities' content='ocr_page ocr_carea ocr_par ocr_line ocrx_word'/>
</head>
<body>
  <div class='ocr_page' id='page_1' title='image "analectagraeca00procgoog_0014.png"; bbox 0 0 3588 5208; ppageno 0'>
   <div class='ocr_carea' id='block_1_1' title="bbox 875 246 915 308">
    <p class='ocr_par' dir='ltr' id='par_1_1' title="bbox 875 246 915 308">
     <span class='ocr_line' id='line_1_1' title="bbox 875 246 915 308; baseline 0.025 -1"><span class='ocrx_word' id='word_1_1' title='bbox 875 246 915 308; x_wconf 91' lang='grc'>10</span> 
     </span>
    </p>
   </div>
   <div class='ocr_carea' id='block_1_2' title="bbox 253 455 860 550">
    <p class='ocr_par' dir='ltr' id='par_1_2' title="bbox 253 455 860 550">
     <span class='ocr_line' id='line_1_2' title="bbox 253 455 860 550; baseline -0.002 -29"><span class='ocrx_word' id='word_1_2' title='bbox 253 527 255 530; x_wconf 58' lang='grc'><strong>,</strong></span> <span class='ocrx_word' id='word_1_3' title='bbox 304 455 363 531; x_wconf 86' lang='lat' dir='ltr'>¹Ut</span> <span class='ocrx_word' id='word_1_4' title='bbox 390 460 501 532; x_wconf 88' lang='lat' dir='ltr'>autem</span> <span class='ocrx_word' id='word_1_5' title='bbox 530 455 718 550; x_wconf 88' lang='lat' dir='ltr'>summatim</span> <span class='ocrx_word' id='word_1_6' title='bbox 744 455 860 537; x_wconf 87' lang='lat' dir='ltr'>dicam,</span> 
     </span>
    </p>
   </div>
   <div class='ocr_carea' id='block_1_3' title="bbox 983 454 1529 542">
    <p class='ocr_par' dir='ltr' id='par_1_3' title="bbox 983 454 1529 542">
     <span class='ocr_line' id='line_1_3' title="bbox 983 454 1529 542; baseline 0.007 -21"><span class='ocrx_word' id='word_1_7' title='bbox 983 454 1051 522; x_wconf 86' lang='grc' dir='ltr'>Ἵνα</span> <span class='ocrx_word' id='word_1_8' title='bbox 1074 456 1108 521; x_wconf 84' lang='grc' dir='ltr'>δὲ</span> <span class='ocrx_word' id='word_1_9' title='bbox 1131 458 1301 542; x_wconf 85' lang='grc' dir='ltr'><strong>συλλαβὼν</strong></span> <span class='ocrx_word' id='word_1_10' title='bbox 1325 458 1416 539; x_wconf 85' lang='grc' dir='ltr'><strong>εἴπω,</strong></span> <span class='ocrx_word' id='word_1_11' title='bbox 1446 457 1529 527; x_wconf 89' lang='grc' dir='ltr'><strong>ἀλλα</strong></span> 
     </span>
    </p>
   </div>
   <div class='ocr_carea' id='block_1_4' title="bbox 250 562 1528 651">
    <p class='ocr_par' dir='ltr' id='par_1_4' title="bbox 250 562 1528 651">
     <span class='ocr_line' id='line_1_4' title="bbox 250 562 1528 651; baseline 0.002 -23"><span class='ocrx_word' id='word_1_12' title='bbox 250 564 317 638; x_wconf 82' lang='lat' dir='ltr'>alia</span> <span class='ocrx_word' id='word_1_13' title='bbox 334 565 384 628; x_wconf 83' lang='lat' dir='ltr'>ad</span> <span class='ocrx_word' id='word_1_14' title='bbox 404 563 632 638; x_wconf 75' lang='lat' dir='ltr'><strong>revolutiones</strong></span> <span class='ocrx_word' id='word_1_15' title='bbox 653 562 734 634; x_wconf 88' lang='lat' dir='ltr'>solis</span> <span class='ocrx_word' id='word_1_16' title='bbox 755 580 862 631; x_wconf 86' lang='lat' dir='ltr'>corre·</span> <span class='ocrx_word' id='word_1_17' title='bbox 916 577 981 642; x_wconf 87' lang='grc' dir='ltr'><strong>ταῖς</strong></span> <span class='ocrx_word' id='word_1_18' title='bbox 1026 565 1115 651; x_wconf 77' lang='grc' dir='ltr'><strong>ἡλίου</strong></span> <span class='ocrx_word' id='word_1_19' title='bbox 1160 576 1337 650; x_wconf 81' lang='grc' dir='ltr'>περιφοραῖς</span> <span class='ocrx_word' id='word_1_20' title='bbox 1370 587 1528 649; x_wconf 82' lang='grc' dir='ltr'><strong>συμπερι-</strong></span> 
     </span>
    </p>
   </div>
   <div class='ocr_carea' id='block_1_5' title="bbox 170 649 862 3536">
    <p class='ocr_par' dir='ltr' id='par_1_5' title="bbox 170 649 862 3536">
     <span class='ocr_line' id='line_1_5' title="bbox 250 649 861 752; baseline -0.003 -16"><span class='ocrx_word' id='word_1_21' title='bbox 250 649 442 752; x_wconf 73' lang='lat' dir='ltr'>uoluuntur,</span> <span class='ocrx_word' id='word_1_22' title='bbox 468 673 561 746; x_wconf 86' lang='lat' dir='ltr'>¹sicut</span> <span class='ocrx_word' id='word_1_23' title='bbox 591 671 739 751; x_wconf 76' lang='lat' dir='ltr'>plantae,</span> <span class='ocrx_word' id='word_1_24' title='bbox 778 688 861 750; x_wconf 86' lang='lat' dir='ltr'>quas</span> 
     </span>
     <span class='ocr_line' id='line_1_6' title="bbox 250 776 861 860; baseline 0 -18"><span class='ocrx_word' id='word_1_25' title='bbox 250 776 405 857; x_wconf 79' lang='lat' dir='ltr'>diximus3</span> <span class='ocrx_word' id='word_1_26' title='bbox 439 778 507 843; x_wconf 89' lang='lat' dir='ltr'>alia</span> <span class='ocrx_word' id='word_1_27' title='bbox 534 777 675 860; x_wconf 86' lang='lat' dir='ltr'>figuram</span> <span class='ocrx_word' id='word_1_28' title='bbox 696 777 861 842; x_wconf 62' lang='lat' dir='ltr'>»solarium</span> 
     </span>
     <span class='ocr_line' id='line_1_7' title="bbox 196 884 860 965; baseline 0 -17"><span class='ocrx_word' id='word_1_29' title='bbox 196 914 234 956; x_wconf 80' lang='lat'>155</span> <span class='ocrx_word' id='word_1_30' title='bbox 248 886 416 949; x_wconf 87' lang='lat' dir='ltr'>radiorum</span> <span class='ocrx_word' id='word_1_31' title='bbox 427 887 666 964; x_wconf 87' lang='lat' dir='ltr'>quodammodo</span> <span class='ocrx_word' id='word_1_32' title='bbox 675 884 860 965; x_wconf 77' lang='lat' dir='ltr'>imitantur,</span> 
     </span>
     <span class='ocr_line' id='line_1_8' title="bbox 248 991 861 1073; baseline -0.002 -18"><span class='ocrx_word' id='word_1_33' title='bbox 248 997 286 1056; x_wconf 94' lang='lat' dir='ltr'>ut</span> <span class='ocrx_word' id='word_1_34' title='bbox 309 992 429 1073; x_wconf 93' lang='lat' dir='ltr'>palma,</span> <span class='ocrx_word' id='word_1_35' title='bbox 452 993 621 1073; x_wconf 78' lang='lat' dir='ltr'>dactylus3</span> <span class='ocrx_word' id='word_1_36' title='bbox 646 992 713 1055; x_wconf 89' lang='lat' dir='ltr'>alia</span> <span class='ocrx_word' id='word_1_37' title='bbox 728 991 861 1072; x_wconf 84' lang='lat' dir='ltr'>igneam</span> 
     </span>
     <span class='ocr_line' id='line_1_9' title="bbox 249 1099 860 1178; baseline 0 -16"><span class='ocrx_word' id='word_1_38' title='bbox 249 1099 328 1164; x_wconf 86' lang='lat' dir='ltr'>solis</span> <span class='ocrx_word' id='word_1_39' title='bbox 362 1104 526 1176; x_wconf 91' lang='lat' dir='ltr'>naturam,</span> <span class='ocrx_word' id='word_1_40' title='bbox 560 1105 598 1163; x_wconf 92' lang='lat' dir='ltr'>ut</span> <span class='ocrx_word' id='word_1_41' title='bbox 630 1099 759 1178; x_wconf 80' lang='lat' dir='ltr'>laurus3</span> <span class='ocrx_word' id='word_1_42' title='bbox 793 1099 860 1162; x_wconf 89' lang='lat' dir='ltr'>alia</span> 
     </span>
     <span class='ocr_line' id='line_1_10' title="bbox 248 1207 860 1287; baseline 0 -17"><span class='ocrx_word' id='word_1_43' title='bbox 248 1207 339 1284; x_wconf 76' lang='lat' dir='ltr'>aliud</span> <span class='ocrx_word' id='word_1_44' title='bbox 356 1208 525 1287; x_wconf 86' lang='lat' dir='ltr'>quiddam:</span> <span class='ocrx_word' id='word_1_45' title='bbox 552 1208 667 1273; x_wconf 87' lang='lat' dir='ltr'>videre</span> <span class='ocrx_word' id='word_1_46' title='bbox 684 1224 764 1270; x_wconf 90' lang='lat' dir='ltr'>sane</span> <span class='ocrx_word' id='word_1_47' title='bbox 780 1207 860 1270; x_wconf 89' lang='lat' dir='ltr'>licet</span> 
     </span>
     <span class='ocr_line' id='line_1_11' title="bbox 248 1313 860 1395; baseline -0.007 -16"><span class='ocrx_word' id='word_1_48' title='bbox 248 1315 485 1395; x_wconf 87' lang='lat' dir='ltr'>proprietates,</span> <span class='ocrx_word' id='word_1_49' title='bbox 526 1333 611 1394; x_wconf 91' lang='lat' dir='ltr'>quae</span> <span class='ocrx_word' id='word_1_50' title='bbox 657 1313 860 1394; x_wconf 80' lang='lat' dir='ltr'>colliguntur</span> 
     </span>
     <span class='ocr_line' id='line_1_12' title="bbox 170 1421 861 1502; baseline -0.003 -16"><span class='ocrx_word' id='word_1_51' title='bbox 170 1423 281 1488; x_wconf 73' lang='lat' dir='ltr'>‘coin</span> <span class='ocrx_word' id='word_1_52' title='bbox 306 1422 385 1502; x_wconf 88' lang='lat' dir='ltr'>sole,</span> <span class='ocrx_word' id='word_1_53' title='bbox 411 1423 533 1501; x_wconf 86' lang='lat' dir='ltr'>passim</span> <span class='ocrx_word' id='word_1_54' title='bbox 558 1422 756 1487; x_wconf 87' lang='lat' dir='ltr'>distributas</span> <span class='ocrx_word' id='word_1_55' title='bbox 777 1421 861 1490; x_wconf 88' lang='lat' dir='ltr'>inse-</span> 
     </span>
     <span class='ocr_line' id='line_1_13' title="bbox 249 1527 860 1610; baseline -0.002 -17"><span class='ocrx_word' id='word_1_56' title='bbox 249 1530 426 1610; x_wconf 85' lang='lat' dir='ltr'>quentibus</span> <span class='ocrx_word' id='word_1_57' title='bbox 449 1528 484 1592; x_wconf 90' lang='lat' dir='ltr'>in</span> <span class='ocrx_word' id='word_1_58' title='bbox 512 1527 615 1592; x_wconf 90' lang='lat' dir='ltr'>solari</span> <span class='ocrx_word' id='word_1_59' title='bbox 644 1529 759 1598; x_wconf 84' lang='lat' dir='ltr'>ordine</span> <span class='ocrx_word' id='word_1_60' title='bbox 787 1547 860 1592; x_wconf 93' lang='lat' dir='ltr'>con-</span> 
     </span>
     <span class='ocr_line' id='line_1_14' title="bbox 248 1634 859 1716; baseline -0.005 -14"><span class='ocrx_word' id='word_1_61' title='bbox 248 1638 388 1716; x_wconf 86' lang='lat' dir='ltr'>stitutis,</span> <span class='ocrx_word' id='word_1_62' title='bbox 414 1637 542 1700; x_wconf 90' lang='lat' dir='ltr'>scilicet</span> <span class='ocrx_word' id='word_1_63' title='bbox 568 1634 709 1715; x_wconf 84' lang='lat' dir='ltr'>angelis,</span> <span class='ocrx_word' id='word_1_64' title='bbox 732 1637 859 1699; x_wconf 90' lang='lat' dir='ltr'>daemo-</span> 
     </span>
     <span class='ocr_line' id='line_1_15' title="bbox 247 1741 858 1825; baseline -0.003 -17"><span class='ocrx_word' id='word_1_65' title='bbox 247 1743 354 1824; x_wconf 87' lang='lat' dir='ltr'>nibus,</span> <span class='ocrx_word' id='word_1_66' title='bbox 372 1744 499 1825; x_wconf 79' lang='lat' dir='ltr'>animle,</span> <span class='ocrx_word' id='word_1_67' title='bbox 514 1741 719 1823; x_wconf 88' lang='lat' dir='ltr'>animalibus,</span> <span class='ocrx_word' id='word_1_68' title='bbox 734 1743 858 1823; x_wconf 89' lang='lat' dir='ltr'>plantis</span> 
     </span>
     <span class='ocr_line' id='line_1_16' title="bbox 247 1849 859 1933; baseline -0.003 -17"><span class='ocrx_word' id='word_1_69' title='bbox 247 1857 349 1933; x_wconf 88' lang='lat' dir='ltr'>atque</span> <span class='ocrx_word' id='word_1_70' title='bbox 366 1851 542 1931; x_wconf 87' lang='lat' dir='ltr'>lapidibus.</span> <span class='ocrx_word' id='word_1_71' title='bbox 573 1849 736 1932; x_wconf 75' lang='lat' dir='ltr'>Quocirca</span> <span class='ocrx_word' id='word_1_72' title='bbox 752 1868 859 1914; x_wconf 88' lang='lat' dir='ltr'>sacer-</span> 
     </span>
     <span class='ocr_line' id='line_1_17' title="bbox 193 1957 858 2032; baseline 0.005 -13"><span class='ocrx_word' id='word_1_73' title='bbox 193 1979 232 2021; x_wconf 82' lang='lat' dir='ltr'>1c5</span> <span class='ocrx_word' id='word_1_74' title='bbox 247 1957 331 2023; x_wconf 88' lang='lat' dir='ltr'>dotii</span> <span class='ocrx_word' id='word_1_75' title='bbox 358 1958 484 2024; x_wconf 88' lang='lat' dir='ltr'>veteris</span> <span class='ocrx_word' id='word_1_76' title='bbox 517 1961 672 2032; x_wconf 72' lang='lat' dir='ltr'>auctores</span> <span class='ocrx_word' id='word_1_77' title='bbox 705 1975 725 2024; x_wconf 86' lang='lat' dir='ltr'>a</span> <span class='ocrx_word' id='word_1_78' title='bbox 759 1958 858 2022; x_wconf 89' lang='lat' dir='ltr'>rebus</span> 
     </span>
     <span class='ocr_line' id='line_1_18' title="bbox 246 2063 857 2146; baseline 0.002 -17"><span class='ocrx_word' id='word_1_79' title='bbox 246 2065 486 2146; x_wconf 81' lang='lat' dir='ltr'>apparentibus</span> <span class='ocrx_word' id='word_1_80' title='bbox 511 2063 715 2144; x_wconf 87' lang='lat' dir='ltr'>superior-um</span> <span class='ocrx_word' id='word_1_81' title='bbox 739 2065 857 2130; x_wconf 83' lang='lat' dir='ltr'>virium</span> 
     </span>
     <span class='ocr_line' id='line_1_19' title="bbox 246 2171 858 2250; baseline -0.003 -14"><span class='ocrx_word' id='word_1_82' title='bbox 246 2172 368 2236; x_wconf 91' lang='lat' dir='ltr'>cultum</span> <span class='ocrx_word' id='word_1_83' title='bbox 400 2173 655 2250; x_wconf 87' lang='lat' dir='ltr'>adinvenerunt,</span> <span class='ocrx_word' id='word_1_84' title='bbox 681 2172 767 2236; x_wconf 92' lang='lat' dir='ltr'>dum</span> <span class='ocrx_word' id='word_1_85' title='bbox 791 2171 858 2234; x_wconf 88' lang='lat' dir='ltr'>alia</span> 
     </span>
     <span class='ocr_line' id='line_1_20' title="bbox 245 2277 858 2358; baseline -0.005 -14"><span class='ocrx_word' id='word_1_86' title='bbox 245 2281 433 2358; x_wconf 84' lang='lat' dir='ltr'>miscerent,</span> <span class='ocrx_word' id='word_1_87' title='bbox 452 2279 518 2346; x_wconf 88' lang='lat' dir='ltr'>alia</span> <span class='ocrx_word' id='word_1_88' title='bbox 534 2277 760 2358; x_wconf 88' lang='lat' dir='ltr'>purificarent.</span> <span class='ocrx_word' id='word_1_89' title='bbox 785 2279 858 2341; x_wconf 90' lang='lat' dir='ltr'>mis-</span> 
     </span>
     <span class='ocr_line' id='line_1_21' title="bbox 246 2385 858 2474; baseline -0.007 -22"><span class='ocrx_word' id='word_1_90' title='bbox 246 2387 367 2452; x_wconf 88' lang='lat' dir='ltr'>cebant</span> <span class='ocrx_word' id='word_1_91' title='bbox 413 2392 546 2474; x_wconf 89' lang='lat' dir='ltr'>autem</span> <span class='ocrx_word' id='word_1_92' title='bbox 570 2385 666 2465; x_wconf 85' lang='lat' dir='ltr'>plura</span> <span class='ocrx_word' id='word_1_93' title='bbox 708 2385 858 2464; x_wconf 89' lang='lat' dir='ltr'>invicem,</span> 
     </span>
     <span class='ocr_line' id='line_1_22' title="bbox 192 2491 858 2573; baseline -0.003 -15"><span class='ocrx_word' id='word_1_94' title='bbox 192 2519 232 2561; x_wconf 85' lang='grc' dir='ltr'><strong>ιω</strong></span> <span class='ocrx_word' id='word_1_95' title='bbox 246 2493 325 2573; x_wconf 88' lang='lat' dir='ltr'>quia</span> <span class='ocrx_word' id='word_1_96' title='bbox 369 2493 551 2558; x_wconf 87' lang='lat' dir='ltr'>videbant·</span> <span class='ocrx_word' id='word_1_97' title='bbox 575 2491 738 2572; x_wconf 86' lang='lat' dir='ltr'>simplicia</span> <span class='ocrx_word' id='word_1_98' title='bbox 781 2510 858 2556; x_wconf 86' lang='lat' dir='ltr'>non-</span> 
     </span>
     <span class='ocr_line' id='line_1_23' title="bbox 245 2597 858 2678; baseline 0.003 -14"><span class='ocrx_word' id='word_1_99' title='bbox 245 2599 368 2672; x_wconf 88' lang='lat' dir='ltr'>nullam</span> <span class='ocrx_word' id='word_1_100' title='bbox 393 2600 516 2664; x_wconf 88' lang='lat' dir='ltr'>habere</span> <span class='ocrx_word' id='word_1_101' title='bbox 541 2597 681 2663; x_wconf 91' lang='lat' dir='ltr'>numinis</span> <span class='ocrx_word' id='word_1_102' title='bbox 712 2600 858 2678; x_wconf 87' lang='lat' dir='ltr'>proprie-</span> 
     </span>
     <span class='ocr_line' id='line_1_24' title="bbox 244 2705 857 2797; baseline -0.002 -26"><span class='ocrx_word' id='word_1_103' title='bbox 244 2711 359 2784; x_wconf 86' lang='lat' dir='ltr'>tatem,</span> <span class='ocrx_word' id='word_1_104' title='bbox 400 2725 466 2770; x_wconf 89' lang='lat' dir='ltr'>uou</span> <span class='ocrx_word' id='word_1_105' title='bbox 509 2711 620 2797; x_wconf 89' lang='lat' dir='ltr'>tamen</span> <span class='ocrx_word' id='word_1_106' title='bbox 664 2705 857 2786; x_wconf 85' lang='lat' dir='ltr'>singulatim</span> 
     </span>
     <span class='ocr_line' id='line_1_25' title="bbox 245 2812 857 2882; baseline 0 -4"><span class='ocrx_word' id='word_1_107' title='bbox 245 2812 464 2882; x_wconf 85' lang='lat' dir='ltr'>sufficientem</span> <span class='ocrx_word' id='word_1_108' title='bbox 502 2815 545 2876; x_wconf 87' lang='lat' dir='ltr'>ad</span> <span class='ocrx_word' id='word_1_109' title='bbox 582 2814 723 2882; x_wconf 90' lang='lat' dir='ltr'>numinis</span> <span class='ocrx_word' id='word_1_110' title='bbox 767 2812 857 2878; x_wconf 91' lang='lat' dir='ltr'>illius</span> 
     </span>
     <span class='ocr_line' id='line_1_26' title="bbox 244 2921 858 2999; baseline -0.003 -15"><span class='ocrx_word' id='word_1_111' title='bbox 244 2922 510 2985; x_wconf 84' lang='lat' dir='ltr'>advocationem.</span> <span class='ocrx_word' id='word_1_112' title='bbox 551 2921 762 2999; x_wconf 89' lang='lat' dir='ltr'>quamobrem</span> <span class='ocrx_word' id='word_1_113' title='bbox 783 2921 858 2999; x_wconf 86' lang='lat' dir='ltr'>ipsa</span> 
     </span>
     <span class='ocr_line' id='line_1_27' title="bbox 190 3026 858 3098; baseline 0 -6"><span class='ocrx_word' id='word_1_114' title='bbox 190 3051 230 3094; x_wconf 80' lang='lat'>175</span> <span class='ocrx_word' id='word_1_115' title='bbox 243 3028 420 3098; x_wconf 91' lang='lat' dir='ltr'>multorum</span> <span class='ocrx_word' id='word_1_116' title='bbox 452 3026 678 3096; x_wconf 82' lang='lat' dir='ltr'>commistione</span> <span class='ocrx_word' id='word_1_117' title='bbox 710 3027 858 3092; x_wconf 82' lang='lat' dir='ltr'>attrabe-</span> 
     </span>
     <span class='ocr_line' id='line_1_28' title="bbox 244 3133 862 3215; baseline 0 -16"><span class='ocrx_word' id='word_1_118' title='bbox 244 3136 328 3204; x_wconf 86' lang='lat' dir='ltr'>baut</span> <span class='ocrx_word' id='word_1_119' title='bbox 367 3152 527 3215; x_wconf 86' lang='lat' dir='ltr'>supernos</span> <span class='ocrx_word' id='word_1_120' title='bbox 574 3133 715 3200; x_wconf 86' lang='lat' dir='ltr'>influxus</span> <span class='ocrx_word' id='word_1_121' title='bbox 755 3140 862 3214; x_wconf 85' lang='lat' dir='ltr'>atque</span> 
     </span>
     <span class='ocr_line' id='line_1_29' title="bbox 245 3242 857 3330; baseline -0.002 -23"><span class='ocrx_word' id='word_1_122' title='bbox 245 3245 333 3323; x_wconf 94' lang='lat' dir='ltr'>quod</span> <span class='ocrx_word' id='word_1_123' title='bbox 356 3242 421 3322; x_wconf 87' lang='lat' dir='ltr'>ipsi</span> <span class='ocrx_word' id='word_1_124' title='bbox 445 3243 670 3320; x_wconf 88' lang='lat' dir='ltr'>componendo</span> <span class='ocrx_word' id='word_1_125' title='bbox 695 3260 790 3306; x_wconf 84' lang='lat' dir='ltr'>mrum</span> <span class='ocrx_word' id='word_1_126' title='bbox 816 3260 857 3330; x_wconf 77' lang='lat' dir='ltr'>en</span> 
     </span>
     <span class='ocr_line' id='line_1_30' title="bbox 243 3347 857 3438; baseline -0.002 -26"><span class='ocrx_word' id='word_1_127' title='bbox 243 3349 356 3438; x_wconf 85' lang='lat' dir='ltr'>multis</span> <span class='ocrx_word' id='word_1_128' title='bbox 373 3347 602 3427; x_wconf 83' lang='lat' dir='ltr'>conficiebant,</span> <span class='ocrx_word' id='word_1_129' title='bbox 625 3348 857 3414; x_wconf 87' lang='lat' dir='ltr'>assimilabant</span> 
     </span>
     <span class='ocr_line' id='line_1_31' title="bbox 244 3455 854 3536; baseline 0 -18"><span class='ocrx_word' id='word_1_130' title='bbox 244 3455 308 3536; x_wconf 90' lang='lat' dir='ltr'>ips-i</span> <span class='ocrx_word' id='word_1_131' title='bbox 331 3457 396 3528; x_wconf 89' lang='lat' dir='ltr'>uni,</span> <span class='ocrx_word' id='word_1_132' title='bbox 429 3456 516 3535; x_wconf 91' lang='lat' dir='ltr'>quod</span> <span class='ocrx_word' id='word_1_133' title='bbox 541 3460 593 3519; x_wconf 92' lang='lat' dir='ltr'>est</span> <span class='ocrx_word' id='word_1_134' title='bbox 618 3473 716 3535; x_wconf 89' lang='lat' dir='ltr'>super</span> <span class='ocrx_word' id='word_1_135' title='bbox 740 3457 854 3536; x_wconf 81' lang='lat' dir='ltr'>multa,</span> 
     </span>
    </p>
   </div>
   <div class='ocr_carea' id='block_1_6' title="bbox 86 3542 856 3654">
    <p class='ocr_par' dir='ltr' id='par_1_6' title="bbox 86 3542 856 3654">
     <span class='ocr_line' id='line_1_32' title="bbox 86 3542 856 3654; baseline 0.005 -30"><span class='ocrx_word' id='word_1_136' title='bbox 86 3542 87 3545; x_wconf 22' lang='lat'>¹</span> <span class='ocrx_word' id='word_1_137' title='bbox 191 3585 230 3626; x_wconf 85' lang='grc' dir='ltr'><strong>ιω</strong></span> <span class='ocrx_word' id='word_1_138' title='bbox 244 3561 561 3654; x_wconf 83' lang='lat' dir='ltr'>constituebantque</span> <span class='ocrx_word' id='word_1_139' title='bbox 586 3568 718 3627; x_wconf 86' lang='lat' dir='ltr'>statuas</span> <span class='ocrx_word' id='word_1_140' title='bbox 735 3581 776 3648; x_wconf 82' lang='lat' dir='ltr'>ex</span> <span class='ocrx_word' id='word_1_141' title='bbox 792 3581 856 3629; x_wconf 89' lang='lat' dir='ltr'>ma-</span> 
     </span>
    </p>
   </div>
   <div class='ocr_carea' id='block_1_7' title="bbox 189 3653 855 4820">
    <p class='ocr_par' dir='ltr' id='par_1_7' title="bbox 189 3653 855 4820">
     <span class='ocr_line' id='line_1_33' title="bbox 242 3653 855 3749; baseline -0.003 -15"><span class='ocrx_word' id='word_1_142' title='bbox 242 3670 338 3736; x_wconf 90' lang='lat' dir='ltr'>teriis</span> <span class='ocrx_word' id='word_1_143' title='bbox 367 3669 479 3740; x_wconf 84' lang='lat' dir='ltr'>multis</span> <span class='ocrx_word' id='word_1_144' title='bbox 512 3653 699 3749; x_wconf 85' lang='lat' dir='ltr'>permistas,</span> <span class='ocrx_word' id='word_1_145' title='bbox 737 3671 855 3735; x_wconf 88' lang='lat' dir='ltr'>odores</span> 
     </span>
     <span class='ocr_line' id='line_1_34' title="bbox 244 3777 855 3857; baseline 0.002 -18"><span class='ocrx_word' id='word_1_146' title='bbox 244 3793 374 3855; x_wconf 89' lang='lat' dir='ltr'>quoqne</span> <span class='ocrx_word' id='word_1_147' title='bbox 408 3778 617 3857; x_wconf 74' lang='lat' dir='ltr'>compositos</span> <span class='ocrx_word' id='word_1_148' title='bbox 657 3777 855 3857; x_wconf 80' lang='lat' dir='ltr'>colligentes</span> 
     </span>
     <span class='ocr_line' id='line_1_35' title="bbox 243 3884 855 3963; baseline -0.003 -13"><span class='ocrx_word' id='word_1_149' title='bbox 243 3887 318 3954; x_wconf 82' lang='lat' dir='ltr'>arte</span> <span class='ocrx_word' id='word_1_150' title='bbox 352 3884 387 3947; x_wconf 91' lang='lat' dir='ltr'>in</span> <span class='ocrx_word' id='word_1_151' title='bbox 422 3902 518 3946; x_wconf 92' lang='lat' dir='ltr'>unum</span> <span class='ocrx_word' id='word_1_152' title='bbox 555 3885 669 3948; x_wconf 89' lang='lat' dir='ltr'>diviua</span> <span class='ocrx_word' id='word_1_153' title='bbox 704 3884 855 3963; x_wconf 80' lang='lat' dir='ltr'>symbola</span> 
     </span>
     <span class='ocr_line' id='line_1_36' title="bbox 243 3991 855 4080; baseline 0.003 -26"><span class='ocrx_word' id='word_1_154' title='bbox 243 3991 488 4080; x_wconf 85' lang='lat' dir='ltr'>reddentesque</span> <span class='ocrx_word' id='word_1_155' title='bbox 519 4009 615 4056; x_wconf 90' lang='lat' dir='ltr'>unum</span> <span class='ocrx_word' id='word_1_156' title='bbox 647 3993 725 4070; x_wconf 86' lang='lat' dir='ltr'>tale,</span> <span class='ocrx_word' id='word_1_157' title='bbox 758 3991 855 4070; x_wconf 89' lang='lat' dir='ltr'>quale</span> 
     </span>
     <span class='ocr_line' id='line_1_37' title="bbox 189 4097 855 4165; baseline 0.009 -8"><span class='ocrx_word' id='word_1_158' title='bbox 189 4097 389 4165; x_wconf 70' lang='lat' dir='ltr'>1aadivinum</span> <span class='ocrx_word' id='word_1_159' title='bbox 414 4097 530 4161; x_wconf 87' lang='lat' dir='ltr'>existit</span> <span class='ocrx_word' id='word_1_160' title='bbox 554 4100 731 4162; x_wconf 90' lang='lat' dir='ltr'>secundum</span> <span class='ocrx_word' id='word_1_161' title='bbox 748 4117 855 4163; x_wconf 90' lang='lat' dir='ltr'>essen-</span> 
     </span>
     <span class='ocr_line' id='line_1_38' title="bbox 242 4203 855 4284; baseline 0.002 -17"><span class='ocrx_word' id='word_1_162' title='bbox 242 4203 333 4284; x_wconf 86' lang='lat' dir='ltr'>tiam,</span> <span class='ocrx_word' id='word_1_163' title='bbox 378 4204 655 4284; x_wconf 88' lang='lat' dir='ltr'>cemprehendens</span> <span class='ocrx_word' id='word_1_164' title='bbox 699 4205 855 4270; x_wconf 90' lang='lat' dir='ltr'>videlicet</span> 
     </span>
     <span class='ocr_line' id='line_1_39' title="bbox 242 4312 855 4392; baseline 0 -16"><span class='ocrx_word' id='word_1_165' title='bbox 242 4312 332 4382; x_wconf 89' lang='lat' dir='ltr'>vires</span> <span class='ocrx_word' id='word_1_166' title='bbox 361 4329 458 4390; x_wconf 89' lang='lat' dir='ltr'>quam</span> <span class='ocrx_word' id='word_1_167' title='bbox 489 4312 657 4391; x_wconf 87' lang='lat' dir='ltr'>plurimas.</span> <span class='ocrx_word' id='word_1_168' title='bbox 717 4331 855 4392; x_wconf 87' lang='lat' dir='ltr'>quorum</span> 
     </span>
     <span class='ocr_line' id='line_1_40' title="bbox 243 4418 854 4499; baseline 0.003 -17"><span class='ocrx_word' id='word_1_169' title='bbox 243 4419 372 4497; x_wconf 89' lang='lat' dir='ltr'>quidem</span> <span class='ocrx_word' id='word_1_170' title='bbox 419 4418 540 4484; x_wconf 91' lang='lat' dir='ltr'>divisio</span> <span class='ocrx_word' id='word_1_171' title='bbox 592 4438 854 4499; x_wconf 89' lang='lat' dir='ltr'>unamquamque</span> 
     </span>
     <span class='ocr_line' id='line_1_41' title="bbox 242 4524 854 4605; baseline 0.003 -17"><span class='ocrx_word' id='word_1_172' title='bbox 242 4524 443 4605; x_wconf 85' lang='lat' dir='ltr'>debilitavit,</span> <span class='ocrx_word' id='word_1_173' title='bbox 468 4526 579 4590; x_wconf 90' lang='lat' dir='ltr'>mistio</span> <span class='ocrx_word' id='word_1_174' title='bbox 605 4544 685 4590; x_wconf 82' lang='lat' dir='ltr'>nero</span> <span class='ocrx_word' id='word_1_175' title='bbox 702 4528 854 4591; x_wconf 89' lang='lat' dir='ltr'>restituit</span> 
     </span>
     <span class='ocr_line' id='line_1_42' title="bbox 189 4632 854 4712; baseline 0.009 -21"><span class='ocrx_word' id='word_1_176' title='bbox 189 4633 275 4696; x_wconf 79' lang='lat' dir='ltr'>rooin</span> <span class='ocrx_word' id='word_1_177' title='bbox 305 4633 503 4712; x_wconf 88' lang='lat' dir='ltr'>exemplaris</span> <span class='ocrx_word' id='word_1_178' title='bbox 533 4632 649 4697; x_wconf 89' lang='lat' dir='ltr'>ideam.</span> <span class='ocrx_word' id='word_1_179' title='bbox 708 4651 854 4698; x_wconf 87' lang='lat' dir='ltr'>nonnun-</span> 
     </span>
     <span class='ocr_line' id='line_1_43' title="bbox 243 4739 854 4820; baseline 0.002 -18"><span class='ocrx_word' id='word_1_180' title='bbox 243 4757 339 4817; x_wconf 90' lang='lat' dir='ltr'>quam</span> <span class='ocrx_word' id='word_1_181' title='bbox 365 4757 444 4804; x_wconf 91' lang='lat' dir='ltr'>vero</span> <span class='ocrx_word' id='word_1_182' title='bbox 468 4740 573 4804; x_wconf 86' lang='lat' dir='ltr'>herba</span> <span class='ocrx_word' id='word_1_183' title='bbox 599 4760 662 4805; x_wconf 90' lang='lat' dir='ltr'>una</span> <span class='ocrx_word' id='word_1_184' title='bbox 691 4740 744 4804; x_wconf 89' lang='lat' dir='ltr'>vel</span> <span class='ocrx_word' id='word_1_185' title='bbox 767 4739 854 4820; x_wconf 88' lang='lat' dir='ltr'>lapis</span> 
     </span>
    </p>
   </div>
   <div class='ocr_carea' id='block_1_8' title="bbox 915 671 1528 1506">
    <p class='ocr_par' dir='ltr' id='par_1_8' title="bbox 915 671 1528 1506">
     <span class='ocr_line' id='line_1_44' title="bbox 917 671 1527 757; baseline 0 -21"><span class='ocrx_word' id='word_1_186' title='bbox 917 671 1051 756; x_wconf 83' lang='grc' dir='ltr'><strong>φέρεται,</strong></span> <span class='ocrx_word' id='word_1_187' title='bbox 1077 671 1182 756; x_wconf 85' lang='grc' dir='ltr'><strong>ὥσπερ</strong></span> <span class='ocrx_word' id='word_1_188' title='bbox 1198 675 1237 735; x_wconf 89' lang='grc' dir='ltr'>τὰ</span> <span class='ocrx_word' id='word_1_189' title='bbox 1258 675 1340 756; x_wconf 74' lang='lat' dir='ltr'>&lt;pocot</span> <span class='ocrx_word' id='word_1_190' title='bbox 1355 674 1375 738; x_wconf 82' lang='lat' dir='ltr'>e</span> <span class='ocrx_word' id='word_1_191' title='bbox 1391 675 1527 757; x_wconf 72' lang='grc' dir='ltr'><strong>εἴπομεν</strong></span> 
     </span>
     <span class='ocr_line' id='line_1_45' title="bbox 917 778 1528 865; baseline -0.003 -20"><span class='ocrx_word' id='word_1_192' title='bbox 917 778 999 845; x_wconf 78' lang='grc' dir='ltr'><strong>ἄλλα</strong></span> <span class='ocrx_word' id='word_1_193' title='bbox 1029 782 1079 841; x_wconf 86' lang='grc' dir='ltr'>-τδ</span> <span class='ocrx_word' id='word_1_194' title='bbox 1126 789 1232 865; x_wconf 74' lang='grc' dir='ltr'><strong>σχῆμα</strong></span> <span class='ocrx_word' id='word_1_195' title='bbox 1277 788 1339 844; x_wconf 90' lang='grc' dir='ltr'>τῶν</span> <span class='ocrx_word' id='word_1_196' title='bbox 1389 779 1528 862; x_wconf 77' lang='grc' dir='ltr'>ἡλιακῶν</span> 
     </span>
     <span class='ocr_line' id='line_1_46' title="bbox 916 885 1528 970; baseline 0.005 -22"><span class='ocrx_word' id='word_1_197' title='bbox 916 885 1048 950; x_wconf 79' lang='grc' dir='ltr'>ἀκτίνων</span> <span class='ocrx_word' id='word_1_198' title='bbox 1079 887 1222 950; x_wconf 80' lang='grc' dir='ltr'>ὁπωσοῦν</span> <span class='ocrx_word' id='word_1_199' title='bbox 1253 897 1395 970; x_wconf 75' lang='grc' dir='ltr'><strong>μιμεῖται,</strong></span> <span class='ocrx_word' id='word_1_200' title='bbox 1424 887 1528 970; x_wconf 84' lang='grc' dir='ltr'><strong>ὥσπερ</strong></span> 
     </span>
     <span class='ocr_line' id='line_1_47' title="bbox 916 992 1527 1077; baseline 0 -21"><span class='ocrx_word' id='word_1_201' title='bbox 916 993 1013 1077; x_wconf 82' lang='grc' dir='ltr'><strong>ιροίνιξ</strong></span> <span class='ocrx_word' id='word_1_202' title='bbox 1041 995 1122 1060; x_wconf 75' lang='lat' dir='ltr'>&lt;aab</span> <span class='ocrx_word' id='word_1_203' title='bbox 1151 994 1316 1068; x_wconf 81' lang='grc' dir='ltr'><strong>δάκτυλος·</strong></span> <span class='ocrx_word' id='word_1_204' title='bbox 1355 992 1438 1056; x_wconf 87' lang='grc' dir='ltr'><strong>ἀλλα</strong></span> <span class='ocrx_word' id='word_1_205' title='bbox 1467 996 1527 1076; x_wconf 69' lang='grc' dir='ltr'>τὴν</span> 
     </span>
     <span class='ocr_line' id='line_1_48' title="bbox 916 1098 1528 1185; baseline 0.002 -23"><span class='ocrx_word' id='word_1_206' title='bbox 916 1100 1061 1185; x_wconf 85' lang='grc' dir='ltr'><strong>ἐμπύριον</strong></span> <span class='ocrx_word' id='word_1_207' title='bbox 1085 1098 1186 1184; x_wconf 55' lang='grc' dir='ltr'><strong>’ἡλίου</strong></span> <span class='ocrx_word' id='word_1_208' title='bbox 1228 1100 1327 1184; x_wconf 83' lang='grc' dir='ltr'><strong>φύσιν,</strong></span> <span class='ocrx_word' id='word_1_209' title='bbox 1370 1101 1474 1184; x_wconf 87' lang='grc' dir='ltr'><strong>ὥσπερ</strong></span> <span class='ocrx_word' id='word_1_210' title='bbox 1507 1101 1528 1184; x_wconf 73' lang='grc' dir='ltr'>ἡ</span> 
     </span>
     <span class='ocr_line' id='line_1_49' title="bbox 916 1203 1527 1290; baseline 0 -20"><span class='ocrx_word' id='word_1_211' title='bbox 916 1207 1026 1290; x_wconf 80' lang='grc' dir='ltr'>δάφνη,</span> <span class='ocrx_word' id='word_1_212' title='bbox 1053 1208 1144 1276; x_wconf 82' lang='grc' dir='ltr'><strong>,ἄλλα</strong></span> <span class='ocrx_word' id='word_1_213' title='bbox 1174 1203 1253 1268; x_wconf 83' lang='grc' dir='ltr'><strong>ἄλλο</strong></span> <span class='ocrx_word' id='word_1_214' title='bbox 1277 1227 1313 1273; x_wconf 89' lang='grc' dir='ltr'>τι.</span> <span class='ocrx_word' id='word_1_215' title='bbox 1356 1207 1430 1289; x_wconf 83' lang='grc' dir='ltr'><strong>ὁρᾶν</strong></span> <span class='ocrx_word' id='word_1_216' title='bbox 1452 1216 1527 1289; x_wconf 86' lang='grc' dir='ltr'><strong>γοῦν</strong></span> 
     </span>
     <span class='ocr_line' id='line_1_50' title="bbox 915 1313 1527 1398; baseline 0 -22"><span class='ocrx_word' id='word_1_217' title='bbox 915 1313 1013 1390; x_wconf 80' lang='grc' dir='ltr'><strong>ἔξεστι</strong></span> <span class='ocrx_word' id='word_1_218' title='bbox 1031 1314 1096 1390; x_wconf 85' lang='grc' dir='ltr'>τὰς</span> <span class='ocrx_word' id='word_1_219' title='bbox 1124 1315 1275 1398; x_wconf 75' lang='grc' dir='ltr'><strong>ίδιύτνγτας</strong></span> <span class='ocrx_word' id='word_1_220' title='bbox 1303 1316 1357 1389; x_wconf 80' lang='grc' dir='ltr'>τὰς</span> <span class='ocrx_word' id='word_1_221' title='bbox 1385 1313 1418 1377; x_wconf 85' lang='grc' dir='ltr'>ἐν</span> <span class='ocrx_word' id='word_1_222' title='bbox 1447 1313 1527 1397; x_wconf 79' lang='grc' dir='ltr'><strong>ἡλίῳ</strong></span> 
     </span>
     <span class='ocr_line' id='line_1_51' title="bbox 915 1419 1528 1506; baseline -0.005 -21"><span class='ocrx_word' id='word_1_223' title='bbox 915 1419 1073 1505; x_wconf 77' lang='grc' dir='ltr'><strong>ἡνωμένας</strong></span> <span class='ocrx_word' id='word_1_224' title='bbox 1096 1422 1192 1506; x_wconf 81' lang='grc' dir='ltr'>χύδην</span> <span class='ocrx_word' id='word_1_225' title='bbox 1213 1420 1451 1503; x_wconf 86' lang='grc' dir='ltr'><strong>διανεμηθείσας</strong></span> <span class='ocrx_word' id='word_1_226' title='bbox 1465 1430 1528 1496; x_wconf 85' lang='grc' dir='ltr'><strong>τοῖς</strong></span> 
     </span>
    </p>
   </div>
   <div class='ocr_carea' id='block_1_9' title="bbox 908 1525 1525 1616">
    <p class='ocr_par' dir='ltr' id='par_1_9' title="bbox 908 1525 1525 1616">
     <span class='ocr_line' id='line_1_52' title="bbox 908 1525 1525 1616; baseline -0.003 -26"><span class='ocrx_word' id='word_1_227' title='bbox 908 1528 984 1612; x_wconf 76' lang='grc' dir='ltr'><strong>’ἑξῆς</strong></span> <span class='ocrx_word' id='word_1_228' title='bbox 997 1529 1032 1592; x_wconf 81' lang='grc' dir='ltr'>έν</span> <span class='ocrx_word' id='word_1_229' title='bbox 1047 1538 1086 1612; x_wconf 81' lang='grc' dir='ltr'>τῇ</span> <span class='ocrx_word' id='word_1_230' title='bbox 1098 1529 1213 1616; x_wconf 76' lang='grc' dir='ltr'><strong>ἡλιακῇ</strong></span> <span class='ocrx_word' id='word_1_231' title='bbox 1226 1527 1308 1604; x_wconf 79' lang='grc' dir='ltr'><strong>τάξει</strong></span> <span class='ocrx_word' id='word_1_232' title='bbox 1320 1525 1525 1609; x_wconf 76' lang='grc' dir='ltr'>τεταγμένοις,</span> 
     </span>
    </p>
   </div>
   <div class='ocr_carea' id='block_1_10' title="bbox 912 1631 1551 2792">
    <p class='ocr_par' dir='ltr' id='par_1_10' title="bbox 912 1631 1551 2792">
     <span class='ocr_line' id='line_1_53' title="bbox 915 1631 1527 1719; baseline -0.007 -21"><span class='ocrx_word' id='word_1_233' title='bbox 915 1633 977 1705; x_wconf 82' lang='grc' dir='ltr'><strong>οἷον</strong></span> <span class='ocrx_word' id='word_1_234' title='bbox 1001 1635 1145 1719; x_wconf 75' lang='grc' dir='ltr'><strong>ἀγγέλοις</strong></span> <span class='ocrx_word' id='word_1_235' title='bbox 1165 1635 1287 1718; x_wconf 86' lang='grc' dir='ltr'><strong>δαίμοσι</strong></span> <span class='ocrx_word' id='word_1_236' title='bbox 1308 1635 1421 1718; x_wconf 77' lang='grc' dir='ltr'><strong>ψυχαῖς</strong></span> <span class='ocrx_word' id='word_1_237' title='bbox 1437 1631 1527 1716; x_wconf 71' lang='grc' dir='ltr'><strong>ζῴοις</strong></span> 
     </span>
     <span class='ocr_line' id='line_1_54' title="bbox 915 1739 1527 1826; baseline -0.008 -20"><span class='ocrx_word' id='word_1_238' title='bbox 915 1753 1019 1826; x_wconf 77' lang='grc' dir='ltr'><strong>φυτοῖς</strong></span> <span class='ocrx_word' id='word_1_239' title='bbox 1054 1745 1106 1805; x_wconf 87' lang='grc' dir='ltr'><strong>καί</strong></span> <span class='ocrx_word' id='word_1_240' title='bbox 1135 1741 1245 1819; x_wconf 88' lang='grc' dir='ltr'><strong>λίθοις.</strong></span> <span class='ocrx_word' id='word_1_241' title='bbox 1289 1744 1338 1805; x_wconf 84' lang='grc' dir='ltr'><strong>διὰ</strong></span> <span class='ocrx_word' id='word_1_242' title='bbox 1372 1749 1463 1802; x_wconf 87' lang='grc' dir='ltr'><strong>τούτο</strong></span> <span class='ocrx_word' id='word_1_243' title='bbox 1497 1739 1527 1802; x_wconf 88' lang='grc' dir='ltr'><strong>οί</strong></span> 
     </span>
     <span class='ocr_line' id='line_1_55' title="bbox 914 1845 1526 1934; baseline -0.01 -20"><span class='ocrx_word' id='word_1_244' title='bbox 914 1859 969 1934; x_wconf 79' lang='grc' dir='ltr'>τῆς</span> <span class='ocrx_word' id='word_1_245' title='bbox 992 1851 1125 1926; x_wconf 82' lang='grc' dir='ltr'><strong>παλαιᾶς</strong></span> <span class='ocrx_word' id='word_1_246' title='bbox 1150 1850 1302 1932; x_wconf 74' lang='grc' dir='ltr'><strong>ἱερατικῆς</strong></span> <span class='ocrx_word' id='word_1_247' title='bbox 1332 1846 1462 1930; x_wconf 78' lang='grc' dir='ltr'><strong>πατέρες</strong></span> <span class='ocrx_word' id='word_1_248' title='bbox 1489 1845 1526 1914; x_wconf 80' lang='grc' dir='ltr'>ἐκ</span> 
     </span>
     <span class='ocr_line' id='line_1_56' title="bbox 914 1949 1526 2040; baseline -0.008 -20"><span class='ocrx_word' id='word_1_249' title='bbox 914 1967 975 2020; x_wconf 91' lang='grc' dir='ltr'>τῶν</span> <span class='ocrx_word' id='word_1_250' title='bbox 992 1954 1182 2040; x_wconf 82' lang='grc' dir='ltr'>φαινομένων</span> <span class='ocrx_word' id='word_1_251' title='bbox 1198 1959 1253 2039; x_wconf 85' lang='grc' dir='ltr'>τὴν</span> <span class='ocrx_word' id='word_1_252' title='bbox 1274 1965 1335 2019; x_wconf 93' lang='grc' dir='ltr'>τῶν</span> <span class='ocrx_word' id='word_1_253' title='bbox 1352 1949 1526 2037; x_wconf 76' lang='grc' dir='ltr'><strong>ὑπερτέρων</strong></span> 
     </span>
     <span class='ocr_line' id='line_1_57' title="bbox 914 2061 1551 2148; baseline -0.013 -21"><span class='ocrx_word' id='word_1_254' title='bbox 914 2064 1071 2148; x_wconf 81' lang='grc' dir='ltr'><strong>δυνάμεων</strong></span> <span class='ocrx_word' id='word_1_255' title='bbox 1115 2061 1286 2148; x_wconf 76' lang='grc' dir='ltr'><strong>θρησκείαν</strong></span> <span class='ocrx_word' id='word_1_256' title='bbox 1328 2061 1450 2143; x_wconf 81' lang='grc' dir='ltr'><strong>ἐξεῦρον</strong></span> <span class='ocrx_word' id='word_1_257' title='bbox 1484 2061 1551 2120; x_wconf 81' lang='grc' dir='ltr'>τὰ.</span> 
     </span>
     <span class='ocr_line' id='line_1_58' title="bbox 915 2167 1524 2254; baseline -0.015 -19"><span class='ocrx_word' id='word_1_258' title='bbox 915 2173 968 2254; x_wconf 85' lang='grc' dir='ltr'>μὲν</span> <span class='ocrx_word' id='word_1_259' title='bbox 993 2171 1149 2254; x_wconf 80' lang='grc' dir='ltr'><strong>μιγνύντες</strong></span> <span class='ocrx_word' id='word_1_260' title='bbox 1175 2173 1215 2236; x_wconf 81' lang='grc' dir='ltr'>τὰ</span> <span class='ocrx_word' id='word_1_261' title='bbox 1242 2171 1276 2233; x_wconf 87' lang='grc' dir='ltr'>δὲ</span> <span class='ocrx_word' id='word_1_262' title='bbox 1304 2167 1524 2250; x_wconf 82' lang='grc' dir='ltr'><strong>καθαίροντες.</strong></span> 
     </span>
     <span class='ocr_line' id='line_1_59' title="bbox 913 2273 1526 2364; baseline -0.01 -22"><span class='ocrx_word' id='word_1_263' title='bbox 913 2278 1054 2364; x_wconf 86' lang='grc' dir='ltr'><strong>ἐμίγνυον</strong></span> <span class='ocrx_word' id='word_1_264' title='bbox 1070 2281 1103 2342; x_wconf 88' lang='grc' dir='ltr'>δέ</span> <span class='ocrx_word' id='word_1_265' title='bbox 1122 2275 1252 2342; x_wconf 83' lang='grc' dir='ltr'><strong>πλείονα</strong></span> <span class='ocrx_word' id='word_1_266' title='bbox 1271 2276 1428 2358; x_wconf 81' lang='grc' dir='ltr'><strong>ἀλλήλοις,</strong></span> <span class='ocrx_word' id='word_1_267' title='bbox 1450 2273 1526 2338; x_wconf 84' lang='grc' dir='ltr'><strong>διύτι</strong></span> 
     </span>
     <span class='ocr_line' id='line_1_60' title="bbox 914 2383 1526 2470; baseline -0.003 -21"><span class='ocrx_word' id='word_1_268' title='bbox 914 2383 1018 2470; x_wconf 83' lang='grc' dir='ltr'><strong>ἑώρων</strong></span> <span class='ocrx_word' id='word_1_269' title='bbox 1056 2389 1105 2449; x_wconf 86' lang='grc' dir='ltr'>τὰ·</span> <span class='ocrx_word' id='word_1_270' title='bbox 1130 2386 1215 2449; x_wconf 82' lang='grc' dir='ltr'><strong>ἁπλᾶ</strong></span> <span class='ocrx_word' id='word_1_271' title='bbox 1252 2383 1320 2447; x_wconf 86' lang='grc' dir='ltr'><strong>τινὰ</strong></span> <span class='ocrx_word' id='word_1_272' title='bbox 1354 2384 1436 2462; x_wconf 79' lang='grc' dir='ltr'><strong>ἔχειν</strong></span> <span class='ocrx_word' id='word_1_273' title='bbox 1470 2388 1526 2447; x_wconf 84' lang='grc' dir='ltr'>τοῦ</span> 
     </span>
     <span class='ocr_line' id='line_1_61' title="bbox 914 2490 1525 2576; baseline -0.015 -19"><span class='ocrx_word' id='word_1_274' title='bbox 914 2495 1003 2558; x_wconf 85' lang='grc' dir='ltr'><strong>θείου</strong></span> <span class='ocrx_word' id='word_1_275' title='bbox 1028 2495 1173 2576; x_wconf 79' lang='grc' dir='ltr'><strong>ἰδιότητα,</strong></span> <span class='ocrx_word' id='word_1_276' title='bbox 1202 2493 1238 2554; x_wconf 89' lang='grc' dir='ltr'>ού</span> <span class='ocrx_word' id='word_1_277' title='bbox 1270 2490 1371 2574; x_wconf 87' lang='grc' dir='ltr'><strong>μέντοι</strong></span> <span class='ocrx_word' id='word_1_278' title='bbox 1405 2495 1525 2573; x_wconf 74' lang='grc' dir='ltr'><strong>μοναχῇ</strong></span> 
     </span>
     <span class='ocr_line' id='line_1_62' title="bbox 914 2593 1525 2684; baseline -0.005 -19"><span class='ocrx_word' id='word_1_279' title='bbox 914 2604 1070 2684; x_wconf 84' lang='grc' dir='ltr'><strong>ἀρκοῦσαν</strong></span> <span class='ocrx_word' id='word_1_280' title='bbox 1083 2603 1158 2682; x_wconf 84' lang='grc' dir='ltr'><strong>πρὸς</strong></span> <span class='ocrx_word' id='word_1_281' title='bbox 1169 2601 1225 2681; x_wconf 78' lang='grc' dir='ltr'>τὴν</span> <span class='ocrx_word' id='word_1_282' title='bbox 1237 2606 1292 2660; x_wconf 83' lang='grc' dir='ltr'>τοῦ</span> <span class='ocrx_word' id='word_1_283' title='bbox 1303 2596 1392 2658; x_wconf 90' lang='grc' dir='ltr'><strong>θείου</strong></span> <span class='ocrx_word' id='word_1_284' title='bbox 1406 2593 1525 2662; x_wconf 79' lang='grc' dir='ltr'><strong>ἐκείνου</strong></span> 
     </span>
     <span class='ocr_line' id='line_1_63' title="bbox 912 2708 1113 2792; baseline -0.02 -20"><span class='ocrx_word' id='word_1_285' title='bbox 912 2708 1113 2792; x_wconf 85' lang='grc' dir='ltr'><strong>πρύσκλησιν.</strong></span> 
     </span>
    </p>
   </div>
   <div class='ocr_carea' id='block_1_11' title="bbox 909 2919 1525 4826">
    <p class='ocr_par' dir='ltr' id='par_1_11' title="bbox 909 2919 1525 4826">
     <span class='ocr_line' id='line_1_64' title="bbox 1166 2919 1525 3001; baseline 0.006 -18"><span class='ocrx_word' id='word_1_286' title='bbox 1166 2921 1217 2986; x_wconf 80' lang='grc' dir='ltr'><strong>διὰ</strong></span> <span class='ocrx_word' id='word_1_287' title='bbox 1249 2929 1340 2987; x_wconf 79' lang='grc' dir='ltr'><strong>τοῦτο</strong></span> <span class='ocrx_word' id='word_1_288' title='bbox 1376 2919 1453 3001; x_wconf 78' lang='grc' dir='ltr'><strong>αὐτῇ</strong></span> <span class='ocrx_word' id='word_1_289' title='bbox 1486 2927 1525 3000; x_wconf 70' lang='grc' dir='ltr'>τῇ</span> 
     </span>
     <span class='ocr_line' id='line_1_65' title="bbox 912 3023 1524 3112; baseline -0.007 -19"><span class='ocrx_word' id='word_1_290' title='bbox 912 3029 1038 3093; x_wconf 84' lang='grc' dir='ltr'><strong>πολλῶν</strong></span> <span class='ocrx_word' id='word_1_291' title='bbox 1076 3027 1245 3112; x_wconf 84' lang='grc' dir='ltr'><strong>συγκράσει</strong></span> <span class='ocrx_word' id='word_1_292' title='bbox 1271 3023 1435 3109; x_wconf 74' lang='grc' dir='ltr'><strong>-ἐπίγγοντο</strong></span> <span class='ocrx_word' id='word_1_293' title='bbox 1470 3027 1524 3099; x_wconf 81' lang='grc' dir='ltr'>τὰς</span> 
     </span>
     <span class='ocr_line' id='line_1_66' title="bbox 913 3133 1523 3221; baseline -0.01 -23"><span class='ocrx_word' id='word_1_294' title='bbox 913 3137 1036 3200; x_wconf 86' lang='grc' dir='ltr'><strong>ἀνωθεν</strong></span> <span class='ocrx_word' id='word_1_295' title='bbox 1049 3136 1212 3221; x_wconf 82' lang='grc' dir='ltr'><strong>ἐπιρροίας,</strong></span> <span class='ocrx_word' id='word_1_296' title='bbox 1224 3137 1277 3198; x_wconf 86' lang='grc' dir='ltr'><strong>καί</strong></span> <span class='ocrx_word' id='word_1_297' title='bbox 1294 3135 1310 3194; x_wconf 87' lang='grc' dir='ltr'>ὃ</span> <span class='ocrx_word' id='word_1_298' title='bbox 1323 3133 1408 3196; x_wconf 90' lang='grc' dir='ltr'><strong>αύτοί</strong></span> <span class='ocrx_word' id='word_1_299' title='bbox 1425 3153 1523 3195; x_wconf 92' lang='grc' dir='ltr'><strong>συντι-</strong></span> 
     </span>
     <span class='ocr_line' id='line_1_67' title="bbox 913 3239 1523 3320; baseline -0.015 -12"><span class='ocrx_word' id='word_1_300' title='bbox 913 3243 1021 3318; x_wconf 87' lang='grc' dir='ltr'><strong>θέντες</strong></span> <span class='ocrx_word' id='word_1_301' title='bbox 1041 3243 1073 3306; x_wconf 85' lang='grc' dir='ltr'>ἒν</span> <span class='ocrx_word' id='word_1_302' title='bbox 1089 3245 1126 3306; x_wconf 86' lang='grc' dir='ltr'>ἐκ</span> <span class='ocrx_word' id='word_1_303' title='bbox 1147 3243 1272 3306; x_wconf 84' lang='grc' dir='ltr'><strong>πολλῶν</strong></span> <span class='ocrx_word' id='word_1_304' title='bbox 1287 3239 1421 3318; x_wconf 87' lang='grc' dir='ltr'><strong>ἐποίουν,</strong></span> <span class='ocrx_word' id='word_1_305' title='bbox 1438 3241 1523 3320; x_wconf 81' lang='grc' dir='ltr'><strong>ἀφω-</strong></span> 
     </span>
     <span class='ocr_line' id='line_1_68' title="bbox 913 3343 1523 3433; baseline -0.013 -20"><span class='ocrx_word' id='word_1_306' title='bbox 913 3351 1017 3433; x_wconf 91' lang='grc' dir='ltr'><strong>μοίουν</strong></span> <span class='ocrx_word' id='word_1_307' title='bbox 1051 3352 1134 3432; x_wconf 82' lang='grc' dir='ltr'><strong>αύτῷ</strong></span> <span class='ocrx_word' id='word_1_308' title='bbox 1162 3359 1206 3433; x_wconf 81' lang='grc' dir='ltr'>τῷ</span> <span class='ocrx_word' id='word_1_309' title='bbox 1240 3349 1315 3429; x_wconf 87' lang='grc' dir='ltr'><strong>ύπέρ</strong></span> <span class='ocrx_word' id='word_1_310' title='bbox 1348 3349 1387 3408; x_wconf 87' lang='grc' dir='ltr'>τὰ</span> <span class='ocrx_word' id='word_1_311' title='bbox 1421 3343 1523 3407; x_wconf 84' lang='grc' dir='ltr'><strong>πολλὰ</strong></span> 
     </span>
     <span class='ocr_line' id='line_1_69' title="bbox 912 3451 1524 3538; baseline -0.01 -20"><span class='ocrx_word' id='word_1_312' title='bbox 912 3457 954 3521; x_wconf 85' lang='grc' dir='ltr'><strong>ἑνί</strong></span> <span class='ocrx_word' id='word_1_313' title='bbox 989 3459 1041 3520; x_wconf 88' lang='grc' dir='ltr'><strong>καί</strong></span> <span class='ocrx_word' id='word_1_314' title='bbox 1073 3451 1245 3538; x_wconf 90' lang='grc' dir='ltr'><strong>καθίδρυον</strong></span> <span class='ocrx_word' id='word_1_315' title='bbox 1282 3451 1448 3535; x_wconf 87' lang='grc' dir='ltr'><strong>ἀγοίλματα</strong></span> <span class='ocrx_word' id='word_1_316' title='bbox 1487 3451 1524 3512; x_wconf 85' lang='grc' dir='ltr'>ἐκ</span> 
     </span>
     <span class='ocr_line' id='line_1_70' title="bbox 911 3557 1523 3645; baseline -0.016 -17"><span class='ocrx_word' id='word_1_317' title='bbox 911 3561 1036 3628; x_wconf 84' lang='grc' dir='ltr'><strong>πολλῶν</strong></span> <span class='ocrx_word' id='word_1_318' title='bbox 1061 3563 1142 3626; x_wconf 87' lang='grc' dir='ltr'><strong>ὑλῶν</strong></span> <span class='ocrx_word' id='word_1_319' title='bbox 1166 3558 1403 3645; x_wconf 80' lang='grc' dir='ltr'><strong>συγκεκραμένα</strong></span> <span class='ocrx_word' id='word_1_320' title='bbox 1426 3557 1523 3640; x_wconf 83' lang='grc' dir='ltr'><strong>ὀσμάς</strong></span> 
     </span>
     <span class='ocr_line' id='line_1_71' title="bbox 911 3665 1523 3750; baseline -0.01 -18"><span class='ocrx_word' id='word_1_321' title='bbox 911 3691 943 3734; x_wconf 88' lang='grc' dir='ltr'>τε</span> <span class='ocrx_word' id='word_1_322' title='bbox 968 3671 1148 3750; x_wconf 85' lang='grc' dir='ltr'><strong>συνθέτους,</strong></span> <span class='ocrx_word' id='word_1_323' title='bbox 1172 3668 1402 3750; x_wconf 85' lang='grc' dir='ltr'><strong>συναγείροντες</strong></span> <span class='ocrx_word' id='word_1_324' title='bbox 1426 3667 1467 3741; x_wconf 82' lang='grc' dir='ltr'>εἰς</span> <span class='ocrx_word' id='word_1_325' title='bbox 1491 3665 1523 3728; x_wconf 81' lang='grc' dir='ltr'>ἓν</span> 
     </span>
     <span class='ocr_line' id='line_1_72' title="bbox 910 3775 1522 3860; baseline -0.01 -20"><span class='ocrx_word' id='word_1_326' title='bbox 910 3780 949 3840; x_wconf 85' lang='grc' dir='ltr'>τὰ</span> <span class='ocrx_word' id='word_1_327' title='bbox 973 3779 1046 3840; x_wconf 82' lang='grc' dir='ltr'><strong>θεία</strong></span> <span class='ocrx_word' id='word_1_328' title='bbox 1075 3775 1216 3860; x_wconf 77' lang='grc' dir='ltr'><strong>σύμβολα</strong></span> <span class='ocrx_word' id='word_1_329' title='bbox 1242 3779 1296 3839; x_wconf 85' lang='grc' dir='ltr'><strong>καί</strong></span> <span class='ocrx_word' id='word_1_330' title='bbox 1324 3776 1356 3837; x_wconf 85' lang='grc' dir='ltr'>ἓν</span> <span class='ocrx_word' id='word_1_331' title='bbox 1384 3782 1522 3836; x_wconf 80' lang='grc' dir='ltr'><strong>τοιοῦτον</strong></span> 
     </span>
     <span class='ocr_line' id='line_1_73' title="bbox 911 3877 1522 3965; baseline -0.01 -19"><span class='ocrx_word' id='word_1_332' title='bbox 911 3882 1143 3965; x_wconf 79' lang='grc' dir='ltr'><strong>ἀποτελοῦντες,</strong></span> <span class='ocrx_word' id='word_1_333' title='bbox 1174 3882 1237 3947; x_wconf 76' lang='grc' dir='ltr'><strong>οἷον</strong></span> <span class='ocrx_word' id='word_1_334' title='bbox 1269 3885 1304 3946; x_wconf 88' lang='grc' dir='ltr'>τδ</span> <span class='ocrx_word' id='word_1_335' title='bbox 1332 3883 1420 3945; x_wconf 82' lang='grc' dir='ltr'><strong>θεῖον</strong></span> <span class='ocrx_word' id='word_1_336' title='bbox 1450 3877 1522 3962; x_wconf 84' lang='grc' dir='ltr'><strong>ύιρέ·</strong></span> 
     </span>
     <span class='ocr_line' id='line_1_74' title="bbox 910 3985 1521 4074; baseline -0.003 -20"><span class='ocrx_word' id='word_1_337' title='bbox 910 4012 1024 4074; x_wconf 83' lang='grc' dir='ltr'><strong>στηκεν</strong></span> <span class='ocrx_word' id='word_1_338' title='bbox 1054 3988 1124 4055; x_wconf 89' lang='grc' dir='ltr'><strong>κατ’</strong></span> <span class='ocrx_word' id='word_1_339' title='bbox 1154 3990 1270 4071; x_wconf 91' lang='grc' dir='ltr'><strong>ούσίαν,</strong></span> <span class='ocrx_word' id='word_1_340' title='bbox 1295 3985 1521 4072; x_wconf 78' lang='grc' dir='ltr'><strong>περιλαμβάνον</strong></span> 
     </span>
     <span class='ocr_line' id='line_1_75' title="bbox 911 4093 1523 4183; baseline -0.01 -21"><span class='ocrx_word' id='word_1_341' title='bbox 911 4100 1051 4183; x_wconf 79' lang='grc' dir='ltr'><strong>δυνάμεις</strong></span> <span class='ocrx_word' id='word_1_342' title='bbox 1080 4099 1121 4174; x_wconf 84' lang='grc' dir='ltr'>ὡς</span> <span class='ocrx_word' id='word_1_343' title='bbox 1154 4097 1314 4173; x_wconf 86' lang='grc' dir='ltr'><strong>πλείστας·</strong></span> <span class='ocrx_word' id='word_1_344' title='bbox 1345 4094 1387 4159; x_wconf 81' lang='grc' dir='ltr'>ὧν</span> <span class='ocrx_word' id='word_1_345' title='bbox 1416 4096 1470 4177; x_wconf 84' lang='grc' dir='ltr'>μέν</span> <span class='ocrx_word' id='word_1_346' title='bbox 1502 4093 1523 4176; x_wconf 75' lang='grc' dir='ltr'>ἡ</span> 
     </span>
     <span class='ocr_line' id='line_1_76' title="bbox 910 4197 1522 4292; baseline -0.01 -22"><span class='ocrx_word' id='word_1_347' title='bbox 910 4207 1051 4292; x_wconf 85' lang='grc' dir='ltr'><strong>διαίρεσις</strong></span> <span class='ocrx_word' id='word_1_348' title='bbox 1095 4206 1230 4288; x_wconf 78' lang='grc' dir='ltr'><strong>ἑκάστην</strong></span> <span class='ocrx_word' id='word_1_349' title='bbox 1273 4204 1463 4287; x_wconf 79' lang='grc' dir='ltr'><strong>ἠμύδρωσεν,</strong></span> <span class='ocrx_word' id='word_1_350' title='bbox 1501 4197 1522 4281; x_wconf 80' lang='grc' dir='ltr'>ἡ</span> 
     </span>
     <span class='ocr_line' id='line_1_77' title="bbox 910 4309 1522 4398; baseline -0.015 -20"><span class='ocrx_word' id='word_1_351' title='bbox 910 4315 943 4378; x_wconf 84' lang='grc' dir='ltr'>δὲ</span> <span class='ocrx_word' id='word_1_352' title='bbox 961 4314 1128 4398; x_wconf 82' lang='grc' dir='ltr'><strong>σύγκρασις</strong></span> <span class='ocrx_word' id='word_1_353' title='bbox 1146 4312 1399 4393; x_wconf 81' lang='grc' dir='ltr'><strong>ἀποκατέστησεν</strong></span> <span class='ocrx_word' id='word_1_354' title='bbox 1413 4309 1454 4383; x_wconf 91' lang='grc' dir='ltr'>είς</span> <span class='ocrx_word' id='word_1_355' title='bbox 1466 4311 1522 4390; x_wconf 79' lang='grc' dir='ltr'>τὴν</span> 
     </span>
     <span class='ocr_line' id='line_1_78' title="bbox 909 4413 1522 4504; baseline -0.011 -21"><span class='ocrx_word' id='word_1_356' title='bbox 909 4431 964 4484; x_wconf 84' lang='grc' dir='ltr'>τού</span> <span class='ocrx_word' id='word_1_357' title='bbox 980 4418 1226 4504; x_wconf 86' lang='grc' dir='ltr'><strong>παραδείγματος</strong></span> <span class='ocrx_word' id='word_1_358' title='bbox 1247 4418 1339 4484; x_wconf 79' lang='grc' dir='ltr'><strong>ἰδέαν.</strong></span> <span class='ocrx_word' id='word_1_359' title='bbox 1371 4414 1468 4479; x_wconf 87' lang='grc' dir='ltr'><strong>ἐνίοτε</strong></span> <span class='ocrx_word' id='word_1_360' title='bbox 1488 4413 1522 4476; x_wconf 81' lang='grc' dir='ltr'>δὲ</span> 
     </span>
     <span class='ocr_line' id='line_1_79' title="bbox 910 4523 1521 4611; baseline -0.01 -21"><span class='ocrx_word' id='word_1_361' title='bbox 910 4530 1004 4610; x_wconf 86' lang='grc' dir='ltr'><strong>ιρυτδν</strong></span> <span class='ocrx_word' id='word_1_362' title='bbox 1033 4529 1065 4592; x_wconf 84' lang='grc' dir='ltr'>ἓν</span> <span class='ocrx_word' id='word_1_363' title='bbox 1087 4530 1112 4611; x_wconf 74' lang='grc' dir='ltr'>Ιἢ</span> <span class='ocrx_word' id='word_1_364' title='bbox 1141 4527 1231 4603; x_wconf 89' lang='grc' dir='ltr'><strong>λίθος</strong></span> <span class='ocrx_word' id='word_1_365' title='bbox 1259 4524 1301 4601; x_wconf 84' lang='grc' dir='ltr'>είς</span> <span class='ocrx_word' id='word_1_366' title='bbox 1330 4526 1405 4608; x_wconf 87' lang='grc' dir='ltr'><strong>πρδς</strong></span> <span class='ocrx_word' id='word_1_367' title='bbox 1436 4523 1521 4586; x_wconf 87' lang='grc' dir='ltr'><strong>θεῖον</strong></span> 
     </span>
     <span class='ocr_line' id='line_1_80' title="bbox 909 4624 1522 4719; baseline -0.016 -21"><span class='ocrx_word' id='word_1_368' title='bbox 909 4636 998 4719; x_wconf 83' lang='grc' dir='ltr'><strong>ἀρκεῖ</strong></span> <span class='ocrx_word' id='word_1_369' title='bbox 1020 4636 1119 4719; x_wconf 82' lang='grc' dir='ltr'><strong>ἔργον.</strong></span> <span class='ocrx_word' id='word_1_370' title='bbox 1152 4637 1241 4718; x_wconf 84' lang='grc' dir='ltr'><strong>ἀρκεῖ</strong></span> <span class='ocrx_word' id='word_1_371' title='bbox 1262 4635 1322 4716; x_wconf 86' lang='grc' dir='ltr'>γὰρ</span> <span class='ocrx_word' id='word_1_372' title='bbox 1350 4624 1522 4711; x_wconf 56' lang='lat' dir='ltr'>antecedi)</span> 
     </span>
     <span class='ocr_line' id='line_1_81' title="bbox 909 4736 1521 4826; baseline -0.013 -20"><span class='ocrx_word' id='word_1_373' title='bbox 909 4743 993 4826; x_wconf 81' lang='grc' dir='ltr'><strong>πρὸς</strong></span> <span class='ocrx_word' id='word_1_374' title='bbox 1009 4743 1158 4826; x_wconf 81' lang='grc' dir='ltr'><strong>αἰφνιδίαν</strong></span> <span class='ocrx_word' id='word_1_375' title='bbox 1187 4739 1276 4806; x_wconf 90' lang='grc' dir='ltr'><strong>θείου</strong></span> <span class='ocrx_word' id='word_1_376' title='bbox 1304 4743 1384 4816; x_wconf 81' lang='grc' dir='ltr'><strong>τινὸς</strong></span> <span class='ocrx_word' id='word_1_377' title='bbox 1413 4736 1521 4820; x_wconf 75' lang='grc' dir='ltr'><strong>ἐπιφύ-</strong></span> 
     </span>
    </p>
   </div>
   <div class='ocr_carea' id='block_1_12' title="bbox 0 0 1798 5208">
    <p class='ocr_par' dir='ltr' id='par_1_12' title="bbox 0 0 1798 5208">
     <span class='ocr_line' id='line_1_82' title="bbox 0 0 1798 5208; baseline 0 2"><span class='ocrx_word' id='word_1_378' title='bbox 0 0 1798 5208; x_wconf 95' lang='lat' dir='ltr'> </span> 
     </span>
    </p>
   </div>
  </div>
 </body>
</html>
