3588 5208
235 483 330 545 'tna
315 480 428 561 tonali,
441 480 510 544 alia
523 497 603 545 vero
617 479 869 545 sensibilimodo

217 601 243 643 ιν
270 589 385 667 itaque
403 587 572 667 solisequa
589 588 881 667 quomodocunque

269 697 393 775 potest,
427 699 539 760 movet
541 712 580 757 ur
615 694 658 757 ad
691 692 809 773 solem;
843 710 883 756 ac

270 801 383 888 siquis
396 805 512 881 posset
529 799 645 866 audire
661 799 883 880 pulsationem

270 909 313 973 ab
342 909 444 972 eain
472 913 550 992 aere
578 905 719 972 circuitu
747 905 882 986 factam«

269 1014 421 1095 profecto
437 1013 538 1079 illum
548 1016 711 1095 quendam
726 1031 785 1094 per
801 1012 883 1077 eius-

217 1136 242 1179 ιι
269 1121 357 1188 modi
388 1139 503 1187 sonum
531 1139 616 1202 erga
643 1139 758 1202 regern
790 1139 882 1184 suum

270 1230 485 1310 compositum
498 1227 794 1309 animadverteret,
806 1244 882 1308 quaa

268 1335 462 1416 lemcunque
491 1339 604 1415 potest
635 1335 753 1416 planta
787 1332 883 1399 confi·

270 1461 354 1510 cere.
373 1443 586 1522 quamobrem
598 1443 632 1507 in
646 1446 740 1506 terra
753 1440 884 1521 quidem

269 1549 418 1630 aspicere
452 1550 533 1614 licet
565 1549 667 1614 solem
690 1553 732 1613 et
757 1548 882 1628 lunam,

216 1679 242 1719 ω
270 1659 330 1722 sed
364 1674 424 1737 pro
462 1655 627 1740 qualitate
663 1660 830 1734 terrena3·
849 1653 883 1718 in

269 1765 361 1831 caelo
395 1768 506 1828 autem
539 1763 674 1843 plantas
705 1779 817 1828 onmes
849 1767 884 1826 et

268 1871 398 1951 lapides
423 1874 457 1934 et
481 1870 638 1934 animalia
662 1888 721 1948 pro
746 1868 884 1934 caelesti

268 1983 391 2042 natura
416 1977 520 2042 vitam
548 1975 708 2042 habentia
736 1975 883 2040 intellec·

269 2085 402 2152 tualem.
462 2102 547 2164 quae
586 2082 716 2163 quidem
750 2087 883 2148 veteres

215 2211 241 2252 45
270 2190 487 2271 contemplati
511 2190 586 2255 aliis
608 2189 744 2255 caelest
720 2195 801 2254 tium
817 2189 884 2253 alia

269 2302 477 2364 terrrenorum
520 2298 753 2376 adhibuerunt,
730 2297 883 2361 tunde

269 2404 402 2470 divinas
441 2405 588 2470 untutes
626 2404 661 2468 in
695 2404 803 2469 locum
837 2403 883 2468 in-

268 2511 423 2578 teriorem
475 2512 517 2576 ob
566 2513 731 2591 quandam
773 2509 883 2575 simili-

269 2619 415 2704 tudinem
466 2620 689 2696 deduxerunt3
720 2657 722 2663 -
769 2636 884 2697 nempe

215 2745 241 2786 ao
269 2725 459 2790 similitudo.
477 2725 552 2806 ipsa
587 2723 753 2789 sufficiens
783 2742 884 2788 causa

269 2839 322 2898 est
361 2835 404 2896 ad
447 2850 502 2898 res
549 2831 699 2912 singulas
742 2830 884 2897 invicem

269 2939 472 3006 uinciendas.
509 2939 613 3019 siquis
631 2940 715 3004 enim
733 2937 883 3017 canabim

269 3047 341 3112 sive
365 3065 529 3128 papyrum
553 3044 740 3125 calefaciat,
766 3045 883 3108 deiude

269 3155 406 3235 subigat
418 3153 573 3218 lucernae
586 3154 765 3234 proximae,
783 3152 883 3216 ctiam

215 3286 242 3327 as
270 3262 298 3328 si
333 3279 398 3326 non
434 3265 565 3341 tangat,
607 3257 736 3324 videbit
771 3259 881 3323 subito

269 3386 443 3432 accensam
460 3368 622 3445 canabim
648 3367 800 3446 quamvis
817 3383 882 3430 non

269 3473 426 3556 tetigerit
446 3475 566 3555 ignem,
588 3474 883 3552 accensionemque

269 3585 410 3662 desuper
427 3583 470 3645 ad
490 3580 651 3645 inferiora
672 3569 894 3645 descendere.¹

269 3706 495 3770 comparemus
513 3687 619 3769 igitur
636 3688 788 3751 canabim
801 3687 884 3752 cale·

215 3817 242 3858 so
269 3795 395 3860 factam
411 3795 483 3861 sive
504 3813 667 3875 papyrum
690 3795 884 3875 cognationi

270 3902 400 3968 cuidam
422 3901 618 3966 inferiorum
634 3901 677 3964 ad
699 3902 883 3981 superiora,

270 4007 629 4090 appropinquationem
652 4025 732 4072 vero
754 4007 884 4072 eiusad

269 4115 437 4180 lucernam
463 4118 651 4195 opportuno
675 4114 749 4179 usui
774 4133 885 4179 rerum

269 4240 330 4301 pro
348 4227 508 4302 tempore,
524 4220 609 4301 loco,
630 4223 787 4302 materia;
812 4240 885 4302 pro·

216 4348 242 4390 ω
270 4347 398 4393 cessum
428 4326 517 4409 ignis
548 4329 581 4394 iu
611 4327 763 4392 canabim
791 4347 884 4409 prae-

268 4433 399 4500 sentiae
413 4433 519 4500 divini
531 4434 663 4499 luminis
679 4434 778 4516 adid,
797 4436 885 4514 quod

269 4546 384 4622 potest
414 4558 550 4622 capere3
581 4542 804 4608 accessionem
832 4544 885 4606 de-

269 4649 369 4728 nique
391 4647 528 4714 canabis
546 4646 749 4714 deificatioui
764 4655 885 4714 morta-

269 4755 347 4820 lium
355 4754 883 4837 materialiumqueillustrationi‚

805 291 1240 571 Ἦ

967 561 972 570 ι
976 437 1189 620 Qdduprrmq
1197 441 1240 542 ἀίι
1241 479 1272 543 α’
1296 499 1321 543 ιν
1344 478 1400 560 τὴν
1428 474 1551 608 πληχίγν
1596 493 1602 532 2

936 607 992 668 την
1258 584 1266 606 '

937 689 1114 777 γενομένην,
1131 692 1273 776 δηλονότι
1295 687 1431 756 αἴσθοιτ’
1443 693 1480 756 ἂν
1495 700 1550 774 τῆς

938 810 1042 885 φωνῆς
1069 810 1124 884 τῆς
1144 795 1203 864 ὑπ’
1235 798 1354 863 ἐκείνου
1381 806 1425 882 τῷ
1454 797 1550 861 αὑτοῦ

938 905 1059 991 βασιλεῖ
1112 905 1390 991 προσενεχθείσης,
1443 901 1550 970 ὁποίαν
1630 959 1632 964 .

938 1018 1033 1099 φυτὸν
1050 1014 1133 1078 ’ἱέναι
1150 1012 1285 1077 δύναται.
1333 1011 1383 1076 διὰ
1395 1020 1494 1074 ’τοῦτο
1517 1011 1551 1075 ἐν
1597 1025 1602 1062 ³

937 1132 978 1206 γῇ
1014 1125 1067 1204 μὲν
1107 1121 1180 1205 ὁρᾶν
1219 1119 1335 1198 ἔξεστιν
1372 1119 1459 1202 ἣλιον
1498 1119 1550 1182 καί

937 1229 1080 1313 σελήνην,
1131 1227 1235 1290 ἀλλὰ.
1267 1229 1348 1290 κατὰ
1402 1225 1552 1308 ποιότητα

938 1335 1079 1421 χθονίαν,
1103 1337 1136 1399 ἐν
1152 1336 1279 1419 ὀὐρανῷ
1303 1334 1337 1396 δὲ
1353 1333 1434 1416 φυτὰ
1449 1331 1551 1396 πάντα

938 1445 991 1506 καί
1029 1443 1139 1518 λίθους
1176 1443 1229 1504 καί
1268 1441 1334 1524 ζῷα
1376 1442 1458 1502 κατὰ
1494 1440 1551 1521 τὴν

939 1549 1082 1634 οὐρανίαν
1098 1547 1188 1632 φύσιν
1204 1549 1287 1630 ζωὴν
1302 1541 1416 1632 ἔχοντα
1432 1543 1550 1628 νοεροίν.

938 1665 1036 1719 ταῦτα
1059 1657 1114 1740 μὲν
1131 1655 1159 1718 οί
1180 1655 1306 1719 παλαιοί
1333 1648 1550 1736 θεωρήσαντες

939 1760 1045 1838 ἄλλοις
1082 1771 1142 1826 τῶν
1182 1758 1330 1846 οὐρανίων
1368 1759 1451 1822 ἄλλα
1488 1766 1550 1822 των

939 1869 1075 1954 χθονίων
1118 1868 1340 1952 προσήνεγκαν,
1377 1867 1454 1930 ὅθεν
1495 1867 1551 1940 τὰς

939 1977 1027 2052 θείας
1055 1975 1197 2060 δυνάμεις
1224 1975 1266 2047 εἰς
1297 1975 1351 2037 τὸν
1382 1971 1550 2056 κατωτέρω

937 2084 1032 2148 τόπον
1052 2082 1102 2146 διαί
1120 2104 1199 2158 τινος
1217 2079 1395 2164 ὁμοιότητος
1412 2078 1550 2162 κατίγγα·

938 2207 1003 2273 γον·
1040 2191 1060 2273 ἡ
1088 2192 1148 2272 γὰρ
1181 2188 1324 2272 ὁμοιότης
1352 2187 1429 2268 αὐτὴ
1460 2184 1550 2267 ίκανή

938 2298 1020 2361 ἐστιν
1037 2297 1119 2360 αἰτία
1135 2298 1210 2379 πρὸς
1222 2296 1257 2357 τὸ
1269 2295 1388 2356 ἕκαστα
1403 2291 1551 2374 ἀλλήλοις

939 2405 1066 2468 συνδεῖν.
1118 2403 1144 2465 εἰ
1178 2402 1238 2486 γοίρ
1272 2423 1316 2476 τις
1350 2397 1495 2482 κάνναβιν
1529 2399 1550 2481 ἢ

938 2511 1078 2594 ποίπυρον
1124 2508 1294 2594 θερμαίνοι,
1334 2505 1400 2570 εἶτα
1438 2504 1551 2587 ὑποίγοι

938 2618 1042 2703 λίχνῳ
1080 2627 1236 2701 προσεχεῖ,
1279 2616 1338 2679 κᾶν
1377 2616 1419 2695 μὴ
1463 2611 1549 2695 θίγῃ,

923 2725 1050 2808 ’ὄψεται
1066 2723 1209 2807 ἐξαίφνης
1225 2719 1479 2803 ἀνακεκαυμὲνην
1494 2721 1550 2800 τὴν

938 2831 1093 2916 κάνναβιν,
1128 2833 1187 2895 κᾶν
1220 2831 1249 2893 εἰ
1289 2832 1329 2913 μὴ
1370 2827 1461 2908 ἔθιγε
1495 2833 1552 2888 τοῦ

938 2939 1042 3022 πυρὸς,
1066 2937 1118 3000 καί
1146 2940 1201 3021 τὴν
1228 2935 1398 3001 ἀνάκαυσιν
1426 2933 1551 2996 ἀνωθεν

939 3147 1088 3234 λωμεν
1054 3172 1107 3214 ουν
1122 3153 1178 3234 τὴν
1190 3148 1375 3232 κάνναβιν
1347 3167 1403 3231 την
1395 3061 1550 3230 θερμαν-

939 3259 1049 3323 θεῖσαν
1081 3260 1101 3341 ἢ
1133 3260 1189 3340 τὴν
1216 3255 1357 3339 ποίπυρον
1390 3253 1551 3338 συγγενείᾳ

939 3368 994 3430 τινί
1004 3371 1066 3429 τῶν
1076 3361 1261 3449 κατωτὲρων
1269 3365 1391 3447 πρὸςτὰ
1400 3360 1551 3444 ἀνώτερα,

939 3475 994 3556 τὴν
1009 3475 1044 3536 δὲ
1059 3473 1268 3557 προσαγωγὴν
1284 3471 1380 3550 αὐτῆς
1399 3471 1455 3552 τὴν
1475 3470 1551 3553 πρὸς

939 3583 991 3642 τὸν
1026 3579 1139 3664 λύχνον
1179 3576 1339 3661 ἐπιτηδείῳ
1378 3585 1439 3639 τῶν
1474 3596 1550 3658 πρα-

939 3686 1065 3770 γμάτων
1092 3683 1183 3771 χρείᾳ
1206 3687 1289 3748 κατὰ
1312 3683 1432 3768 χρόνον,
1456 3682 1551 3746 τόπον
1616 3673 1623 3692 ‘

939 3795 992 3857 καί
1019 3794 1106 3878 ὕλην,
1134 3792 1189 3873 τὴν
1216 3797 1271 3854 τοῦ
1298 3789 1393 3874 πυρὸς
1426 3787 1468 3863 εἰς
1494 3791 1551 3872 τὴν

939 3899 1085 3984 κοίνναβιν
1120 3898 1269 3984 τρίβωσιν
1304 3907 1342 3981 τῇ
1376 3907 1431 3960 τοῦ
1461 3895 1551 3960 θείου

939 4009 1042 4090 φωτὸς
1069 4008 1144 4091 πρὸς
1173 4008 1209 4069 τὸ
1240 4015 1352 4090 χωρεῖν
1385 4001 1551 4087 δυνάμενον

938 4113 1101 4196 παρουσίᾳ,
1117 4116 1173 4197 τὴν
1189 4111 1358 4176 ἀνάκανσιν
1374 4110 1551 4175 τελευταῖον

938 4232 993 4304 τῆς
1015 4219 1192 4304 καννοίβεως
1219 4225 1258 4300 τῇ
1282 4216 1462 4282 ἀποθεώσει
1489 4225 1552 4281 τῶν

939 4329 1064 4412 θνητῶν
1076 4327 1344 4411 καίτῇέλλοίμψει·
1352 4333 1414 4390 τῶν
1425 4325 1551 4406 ὑλικῶν,

939 4437 959 4498 ἃ
986 4436 1094 4500 λοιπὸν
1125 4437 1188 4498 ἄνω
1222 4433 1346 4517 φέρεται
1373 4429 1485 4515 ὁμοίως
1512 4441 1552 4516 τῇ

938 4542 1083 4627 καννοίβει
1122 4552 1160 4626 τῇ
1198 4540 1361 4626 ὑφημμὲνγγ
1400 4539 1450 4603 διά
1483 4560 1552 4604 τινα

940 4650 1029 4714 θείου
1062 4645 1238 4734 σπέρματος
1271 4643 1406 4732 μέθεξιν.
