<?xml version="1.0" encoding="UTF-8"?>
<!DOCTYPE html PUBLIC "-//W3C//DTD XHTML 1.0 Transitional//EN"
    "http://www.w3.org/TR/xhtml1/DTD/xhtml1-transitional.dtd">
<html xmlns="http://www.w3.org/1999/xhtml" xml:lang="en" lang="en">
 <head>
  <title>
</title>
<meta http-equiv="Content-Type" content="text/html;charset=utf-8" />
  <meta name='ocr-system' content='tesseract 3.04.00' />
  <meta name='ocr-capabilities' content='ocr_page ocr_carea ocr_par ocr_line ocrx_word'/>
</head>
<body>
  <div class='ocr_page' id='page_1' title='image "analectagraeca00procgoog_0009.png"; bbox 0 0 3588 5208; ppageno 0'>
   <div class='ocr_carea' id='block_1_1' title="bbox 268 466 1574 1629">
    <p class='ocr_par' dir='ltr' id='par_1_1' title="bbox 268 466 1574 1629">
     <span class='ocr_line' id='line_1_1' title="bbox 268 466 1553 552; baseline -0.002 -16"><span class='ocrx_word' id='word_1_1' title='bbox 268 469 506 536; x_wconf 86' lang='lat' dir='ltr'><strong>celebraturus</strong></span> <span class='ocrx_word' id='word_1_2' title='bbox 532 474 606 534; x_wconf 88' lang='lat' dir='ltr'><strong>erat</strong></span> <span class='ocrx_word' id='word_1_3' title='bbox 630 467 677 552; x_wconf 87' lang='lat' dir='ltr'><strong>(v.</strong></span> <span class='ocrx_word' id='word_1_4' title='bbox 697 469 764 552; x_wconf 85' lang='lat'>11),</span> <span class='ocrx_word' id='word_1_5' title='bbox 782 471 954 535; x_wconf 85' lang='lat' dir='ltr'><strong>edmundi</strong></span> <span class='ocrx_word' id='word_1_6' title='bbox 970 469 1173 534; x_wconf 74' lang='lat' dir='ltr'><strong>creationem</strong></span> <span class='ocrx_word' id='word_1_7' title='bbox 1189 470 1389 550; x_wconf 76' lang='lat' dir='ltr'><strong>pertinuisse</strong></span> <span class='ocrx_word' id='word_1_8' title='bbox 1406 466 1553 536; x_wconf 68' lang='lat' dir='ltr'><strong>censeasi</strong></span> 
     </span>
     <span class='ocr_line' id='line_1_2' title="bbox 277 575 1554 660; baseline 0.001 -19"><span class='ocrx_word' id='word_1_9' title='bbox 277 575 373 660; x_wconf 77' lang='lat' dir='ltr'><strong>Quod</strong></span> <span class='ocrx_word' id='word_1_10' title='bbox 412 595 517 659; x_wconf 90' lang='lat' dir='ltr'><strong>genus</strong></span> <span class='ocrx_word' id='word_1_11' title='bbox 553 577 701 641; x_wconf 85' lang='lat' dir='ltr'><strong>carmina</strong></span> <span class='ocrx_word' id='word_1_12' title='bbox 739 582 946 658; x_wconf 83' lang='lat' dir='ltr'>quantopere</span> <span class='ocrx_word' id='word_1_13' title='bbox 974 575 1171 646; x_wconf 85' lang='lat' dir='ltr'><strong>¹adamarint</strong></span> <span class='ocrx_word' id='word_1_14' title='bbox 1205 576 1434 658; x_wconf 75' lang='lat' dir='ltr'><strong>Alexandrini,</strong></span> <span class='ocrx_word' id='word_1_15' title='bbox 1470 577 1554 642; x_wconf 88' lang='lat' dir='ltr'><strong>satis</strong></span> 
     </span>
     <span class='ocr_line' id='line_1_3' title="bbox 276 683 1574 767; baseline -0.001 -17"><span class='ocrx_word' id='word_1_16' title='bbox 276 689 406 767; x_wconf 89' lang='lat' dir='ltr'><strong>notum;</strong></span> <span class='ocrx_word' id='word_1_17' title='bbox 437 683 515 751; x_wconf 91' lang='lat' dir='ltr'><strong>vide</strong></span> <span class='ocrx_word' id='word_1_18' title='bbox 546 703 631 765; x_wconf 89' lang='lat' dir='ltr'><strong>qnae</strong></span> <span class='ocrx_word' id='word_1_19' title='bbox 662 684 808 750; x_wconf 85' lang='lat' dir='ltr'><strong>Silenum</strong></span> <span class='ocrx_word' id='word_1_20' title='bbox 841 686 876 749; x_wconf 92' lang='lat' dir='ltr'><strong>id</strong></span> <span class='ocrx_word' id='word_1_21' title='bbox 911 689 962 750; x_wconf 89' lang='lat' dir='ltr'><strong>est</strong></span> <span class='ocrx_word' id='word_1_22' title='bbox 994 683 1199 751; x_wconf 79' lang='lat' dir='ltr'><strong>Cornelium</strong></span> <span class='ocrx_word' id='word_1_23' title='bbox 1216 684 1348 752; x_wconf 81' lang='lat' dir='ltr'><strong>Gallum</strong></span> <span class='ocrx_word' id='word_1_24' title='bbox 1382 688 1574 749; x_wconf 87' lang='lat' dir='ltr'><strong>canentem-</strong></span> 
     </span>
     <span class='ocr_line' id='line_1_4' title="bbox 275 790 1552 876; baseline 0 -20"><span class='ocrx_word' id='word_1_25' title='bbox 275 793 413 857; x_wconf 88' lang='lat' dir='ltr'><strong>induoat</strong></span> <span class='ocrx_word' id='word_1_26' title='bbox 437 792 539 874; x_wconf 88' lang='lat' dir='ltr'><strong>Verg.</strong></span> <span class='ocrx_word' id='word_1_27' title='bbox 564 792 623 857; x_wconf 91' lang='lat' dir='ltr'><strong>ecl.</strong></span> <span class='ocrx_word' id='word_1_28' title='bbox 649 792 723 873; x_wconf 88' lang='grc'>6,31</span> <span class='ocrx_word' id='word_1_29' title='bbox 750 791 804 873; x_wconf 83' lang='lat' dir='ltr'><strong>(of.</strong></span> <span class='ocrx_word' id='word_1_30' title='bbox 828 792 939 874; x_wconf 85' lang='lat' dir='ltr'><strong>Apoll.</strong></span> <span class='ocrx_word' id='word_1_31' title='bbox 963 792 1027 858; x_wconf 86' lang='lat' dir='ltr'><strong>Rh.</strong></span> <span class='ocrx_word' id='word_1_32' title='bbox 1052 792 1068 857; x_wconf 93' lang='lat' dir='ltr'>I</span> <span class='ocrx_word' id='word_1_33' title='bbox 1091 792 1156 858; x_wconf 85' lang='grc'><strong>496</strong></span> <span class='ocrx_word' id='word_1_34' title='bbox 1180 793 1281 874; x_wconf 90' lang='lat' dir='ltr'><strong>Verg.</strong></span> <span class='ocrx_word' id='word_1_35' title='bbox 1308 793 1388 858; x_wconf 91' lang='lat' dir='ltr'><strong>Aen.</strong></span> <span class='ocrx_word' id='word_1_36' title='bbox 1417 792 1435 856; x_wconf 96' lang='lat' dir='ltr'>I</span> <span class='ocrx_word' id='word_1_37' title='bbox 1463 790 1552 876; x_wconf 66' lang='lat'><strong>7403</strong></span> 
     </span>
     <span class='ocr_line' id='line_1_5' title="bbox 276 897 1555 981; baseline -0.003 -15"><span class='ocrx_word' id='word_1_38' title='bbox 276 899 354 966; x_wconf 83' lang='lat' dir='ltr'><strong>vide</strong></span> <span class='ocrx_word' id='word_1_39' title='bbox 380 898 491 965; x_wconf 87' lang='lat' dir='ltr'><strong>Ovidii</strong></span> <span class='ocrx_word' id='word_1_40' title='bbox 521 900 832 980; x_wconf 84' lang='lat' dir='ltr'><strong>metamorphoseon</strong></span> <span class='ocrx_word' id='word_1_41' title='bbox 859 901 1039 965; x_wconf 85' lang='lat' dir='ltr'><strong>exordium.</strong></span> <span class='ocrx_word' id='word_1_42' title='bbox 1099 900 1226 965; x_wconf 81' lang='lat' dir='ltr'><strong>Timaei</strong></span> <span class='ocrx_word' id='word_1_43' title='bbox 1252 901 1362 981; x_wconf 90' lang='lat' dir='ltr'><strong>potius</strong></span> <span class='ocrx_word' id='word_1_44' title='bbox 1389 897 1555 965; x_wconf 92' lang='lat' dir='ltr'><strong>Platonici</strong></span> 
     </span>
     <span class='ocr_line' id='line_1_6' title="bbox 276 1005 1554 1089; baseline -0.002 -16"><span class='ocrx_word' id='word_1_45' title='bbox 276 1007 423 1089; x_wconf 86' lang='lat' dir='ltr'><strong>vestigia</strong></span> <span class='ocrx_word' id='word_1_46' title='bbox 453 1011 604 1071; x_wconf 87' lang='lat' dir='ltr'><strong>nostrum</strong></span> <span class='ocrx_word' id='word_1_47' title='bbox 635 1011 783 1072; x_wconf 88' lang='lat' dir='ltr'><strong>secutum</strong></span> <span class='ocrx_word' id='word_1_48' title='bbox 814 1025 887 1072; x_wconf 85' lang='lat' dir='ltr'><strong>esse</strong></span> <span class='ocrx_word' id='word_1_49' title='bbox 924 1007 982 1072; x_wconf 86' lang='lat' dir='ltr'><strong>vix</strong></span> <span class='ocrx_word' id='word_1_50' title='bbox 1014 1005 1174 1088; x_wconf 81' lang='lat' dir='ltr'><strong>conicias3</strong></span> <span class='ocrx_word' id='word_1_51' title='bbox 1204 1025 1402 1088; x_wconf 89' lang='lat' dir='ltr'><strong>quamquam</strong></span> <span class='ocrx_word' id='word_1_52' title='bbox 1429 1023 1554 1072; x_wconf 86' lang='lat' dir='ltr'><strong>summa</strong></span> 
     </span>
     <span class='ocr_line' id='line_1_7' title="bbox 275 1112 1553 1196; baseline -0.002 -17"><span class='ocrx_word' id='word_1_53' title='bbox 275 1113 496 1179; x_wconf 80' lang='lat' dir='ltr'><strong>admiratione</strong></span> <span class='ocrx_word' id='word_1_54' title='bbox 532 1114 699 1179; x_wconf 82' lang='lat' dir='ltr'><strong>Timaeum</strong></span> <span class='ocrx_word' id='word_1_55' title='bbox 738 1114 893 1195; x_wconf 87' lang='lat' dir='ltr'><strong>legerunt</strong></span> <span class='ocrx_word' id='word_1_56' title='bbox 931 1114 1147 1194; x_wconf 87' lang='lat' dir='ltr'><strong>interpretati</strong></span> <span class='ocrx_word' id='word_1_57' title='bbox 1184 1112 1308 1193; x_wconf 86' lang='lat' dir='ltr'><strong>imitati</strong></span> <span class='ocrx_word' id='word_1_58' title='bbox 1346 1118 1424 1178; x_wconf 87' lang='lat' dir='ltr'><strong>sunt</strong></span> <span class='ocrx_word' id='word_1_59' title='bbox 1447 1112 1496 1196; x_wconf 87' lang='lat' dir='ltr'><strong>(v.</strong></span> <span class='ocrx_word' id='word_1_60' title='bbox 1520 1131 1553 1195; x_wconf 89' lang='lat' dir='ltr'><strong>g.</strong></span> 
     </span>
     <span class='ocr_line' id='line_1_8' title="bbox 277 1219 1554 1309; baseline -0.003 -21"><span class='ocrx_word' id='word_1_61' title='bbox 277 1219 318 1288; x_wconf 86' lang='lat' dir='ltr'><strong>ci.</strong></span> <span class='ocrx_word' id='word_1_62' title='bbox 342 1220 489 1286; x_wconf 90' lang='lat' dir='ltr'><strong>libellum</strong></span> <span class='ocrx_word' id='word_1_63' title='bbox 512 1221 737 1286; x_wconf 89' lang='lat' dir='ltr'><strong>Hermetioum</strong></span> <span class='ocrx_word' id='word_1_64' title='bbox 762 1221 819 1301; x_wconf 89' lang='lat' dir='ltr'><strong>qui</strong></span> <span class='ocrx_word' id='word_1_65' title='bbox 848 1221 1043 1285; x_wconf 86' lang='lat' dir='ltr'><strong>inscribitur</strong></span> <span class='ocrx_word' id='word_1_66' title='bbox 1070 1221 1158 1309; x_wconf 79' lang='grc' dir='ltr'>Κόρη</span> <span class='ocrx_word' id='word_1_67' title='bbox 1188 1223 1327 1307; x_wconf 68' lang='lat' dir='ltr'><strong>atonem.</strong></span> <span class='ocrx_word' id='word_1_68' title='bbox 1347 1221 1437 1285; x_wconf 88' lang='lat' dir='ltr'><strong>cuius</strong></span> <span class='ocrx_word' id='word_1_69' title='bbox 1464 1219 1554 1302; x_wconf 88' lang='lat' dir='ltr'><strong>frag-</strong></span> 
     </span>
     <span class='ocr_line' id='line_1_9' title="bbox 275 1327 1553 1409; baseline -0.002 -15"><span class='ocrx_word' id='word_1_70' title='bbox 275 1333 388 1394; x_wconf 90' lang='lat' dir='ltr'><strong>menta</strong></span> <span class='ocrx_word' id='word_1_71' title='bbox 430 1329 540 1408; x_wconf 91' lang='lat' dir='ltr'><strong>ampla</strong></span> <span class='ocrx_word' id='word_1_72' title='bbox 582 1329 799 1394; x_wconf 88' lang='lat' dir='ltr'><strong>conservavit</strong></span> <span class='ocrx_word' id='word_1_73' title='bbox 842 1327 1006 1392; x_wconf 80' lang='lat' dir='ltr'><strong>Stobaeus</strong></span> <span class='ocrx_word' id='word_1_74' title='bbox 1040 1327 1058 1391; x_wconf 94' lang='lat' dir='ltr'>I</span> <span class='ocrx_word' id='word_1_75' title='bbox 1099 1327 1220 1409; x_wconf 76' lang='grc'>385,12</span> <span class='ocrx_word' id='word_1_76' title='bbox 1252 1351 1323 1405; x_wconf 64' lang='lat' dir='ltr'><strong>sqq„</strong></span> <span class='ocrx_word' id='word_1_77' title='bbox 1361 1329 1395 1392; x_wconf 94' lang='lat' dir='ltr'><strong>in</strong></span> <span class='ocrx_word' id='word_1_78' title='bbox 1435 1328 1553 1407; x_wconf 88' lang='lat' dir='ltr'><strong>quibus</strong></span> 
     </span>
     <span class='ocr_line' id='line_1_10' title="bbox 276 1432 1554 1522; baseline 0.001 -23"><span class='ocrx_word' id='word_1_79' title='bbox 276 1436 358 1501; x_wconf 91' lang='lat' dir='ltr'><strong>baec</strong></span> <span class='ocrx_word' id='word_1_80' title='bbox 382 1439 434 1501; x_wconf 91' lang='lat' dir='ltr'><strong>est</strong></span> <span class='ocrx_word' id='word_1_81' title='bbox 459 1437 513 1500; x_wconf 90' lang='lat' dir='ltr'><strong>dei</strong></span> <span class='ocrx_word' id='word_1_82' title='bbox 536 1434 652 1500; x_wconf 90' lang='lat' dir='ltr'><strong>summi</strong></span> <span class='ocrx_word' id='word_1_83' title='bbox 676 1437 720 1499; x_wconf 90' lang='lat' dir='ltr'><strong>ad</strong></span> <span class='ocrx_word' id='word_1_84' title='bbox 743 1441 874 1500; x_wconf 85' lang='lat' dir='ltr'><strong>eeteros</strong></span> <span class='ocrx_word' id='word_1_85' title='bbox 899 1436 1008 1500; x_wconf 87' lang='lat' dir='ltr'><strong>oratio</strong></span> <span class='ocrx_word' id='word_1_86' title='bbox 1039 1454 1071 1516; x_wconf 89' lang='lat' dir='ltr'><strong>p.</strong></span> <span class='ocrx_word' id='word_1_87' title='bbox 1099 1434 1215 1516; x_wconf 60' lang='lat'>4024:</span> <span class='ocrx_word' id='word_1_88' title='bbox 1245 1432 1326 1501; x_wconf 73' lang='lat' dir='ltr'><strong>‘beot</strong></span> <span class='ocrx_word' id='word_1_89' title='bbox 1354 1483 1361 1496; x_wconf 94' lang='lat'><strong>.</strong></span> <span class='ocrx_word' id='word_1_90' title='bbox 1391 1483 1399 1498; x_wconf 88' lang='lat'><strong>.</strong></span> <span class='ocrx_word' id='word_1_91' title='bbox 1429 1482 1436 1496; x_wconf 94' lang='lat'><strong><em>.</em></strong></span> <span class='ocrx_word' id='word_1_92' title='bbox 1466 1435 1554 1522; x_wconf 80' lang='grc' dir='ltr'>μέχρι</span> 
     </span>
     <span class='ocr_line' id='line_1_11' title="bbox 276 1542 1554 1629; baseline -0.002 -20"><span class='ocrx_word' id='word_1_93' title='bbox 276 1545 354 1609; x_wconf 82' lang='grc' dir='ltr'>πότε</span> <span class='ocrx_word' id='word_1_94' title='bbox 391 1555 447 1629; x_wconf 81' lang='grc' dir='ltr'><strong>της</strong></span> <span class='ocrx_word' id='word_1_95' title='bbox 485 1543 715 1629; x_wconf 83' lang='grc' dir='ltr'>ἀνεπιγνώστου</span> <span class='ocrx_word' id='word_1_96' title='bbox 749 1543 863 1628; x_wconf 77' lang='grc' dir='ltr'>ταύτης</span> <span class='ocrx_word' id='word_1_97' title='bbox 893 1544 1083 1629; x_wconf 81' lang='grc' dir='ltr'>δεσπάσομεν</span> <span class='ocrx_word' id='word_1_98' title='bbox 1125 1543 1304 1629; x_wconf 80' lang='grc' dir='ltr'>ηγεμονίας;</span> <span class='ocrx_word' id='word_1_99' title='bbox 1348 1542 1436 1629; x_wconf 79' lang='grc' dir='ltr'>μέχρι</span> <span class='ocrx_word' id='word_1_100' title='bbox 1478 1543 1554 1607; x_wconf 77' lang='grc' dir='ltr'>ποτε</span> 
     </span>
    </p>
   </div>
   <div class='ocr_carea' id='block_1_2' title="bbox 146 1646 1553 1736">
    <p class='ocr_par' dir='ltr' id='par_1_2' title="bbox 146 1646 1553 1736">
     <span class='ocr_line' id='line_1_12' title="bbox 146 1646 1553 1736; baseline 0 -22"><span class='ocrx_word' id='word_1_101' title='bbox 146 1699 150 1706; x_wconf 86' lang='grc'>.</span> <span class='ocrx_word' id='word_1_102' title='bbox 277 1651 446 1736; x_wconf 75' lang='grc' dir='ltr'>ἀδεῶρητα</span> <span class='ocrx_word' id='word_1_103' title='bbox 468 1651 631 1736; x_wconf 83' lang='grc' dir='ltr'>γενήσεται</span> <span class='ocrx_word' id='word_1_104' title='bbox 654 1659 753 1714; x_wconf 81' lang='grc' dir='ltr'>ταῦτα</span> <span class='ocrx_word' id='word_1_105' title='bbox 775 1646 853 1735; x_wconf 76' lang='grc' dir='ltr'>ἡλίῳ</span> <span class='ocrx_word' id='word_1_106' title='bbox 877 1653 931 1714; x_wconf 76' lang='grc' dir='ltr'><strong>καί</strong></span> <span class='ocrx_word' id='word_1_107' title='bbox 954 1651 1084 1736; x_wconf 72' lang='grc' dir='ltr'>σελήνης</span> <span class='ocrx_word' id='word_1_108' title='bbox 1113 1653 1243 1727; x_wconf 82' lang='grc' dir='ltr'>ἕκαστος</span> <span class='ocrx_word' id='word_1_109' title='bbox 1262 1652 1354 1736; x_wconf 76' lang='grc' dir='ltr'>’ἡμῶν</span> <span class='ocrx_word' id='word_1_110' title='bbox 1380 1647 1430 1735; x_wconf 81' lang='grc' dir='ltr'><strong>ἐφ’</strong></span> <span class='ocrx_word' id='word_1_111' title='bbox 1453 1649 1553 1735; x_wconf 79' lang='grc' dir='ltr'>ἑαυτῷ</span> 
     </span>
    </p>
   </div>
   <div class='ocr_carea' id='block_1_3' title="bbox 265 1755 1587 3448">
    <p class='ocr_par' dir='ltr' id='par_1_3' title="bbox 265 1755 1587 3448">
     <span class='ocr_line' id='line_1_13' title="bbox 276 1755 1555 1844; baseline -0.001 -21"><span class='ocrx_word' id='word_1_112' title='bbox 276 1759 413 1844; x_wconf 84' lang='grc' dir='ltr'>γεννάτω</span> <span class='ocrx_word' id='word_1_113' title='bbox 445 1804 451 1819; x_wconf 93' lang='grc'><em>.</em></span> <span class='ocrx_word' id='word_1_114' title='bbox 482 1805 490 1821; x_wconf 93' lang='grc'><strong>.</strong></span> <span class='ocrx_word' id='word_1_115' title='bbox 521 1806 528 1822; x_wconf 91' lang='grc'><strong>.</strong></span> <span class='ocrx_word' id='word_1_116' title='bbox 557 1761 685 1834; x_wconf 83' lang='grc' dir='ltr'>ἄπιστος</span> <span class='ocrx_word' id='word_1_117' title='bbox 712 1768 775 1834; x_wconf 82' lang='grc' dir='ltr'>τοῖς</span> <span class='ocrx_word' id='word_1_118' title='bbox 805 1757 1073 1843; x_wconf 80' lang='grc' dir='ltr'>μεταγενεστέροις</span> <span class='ocrx_word' id='word_1_119' title='bbox 1107 1758 1207 1842; x_wconf 73' lang='grc' dir='ltr'>μῦθος</span> <span class='ocrx_word' id='word_1_120' title='bbox 1242 1755 1298 1840; x_wconf 85' lang='grc' dir='ltr'>[δὲ]</span> <span class='ocrx_word' id='word_1_121' title='bbox 1329 1755 1448 1834; x_wconf 80' lang='grc' dir='ltr'>δοξάτω</span> <span class='ocrx_word' id='word_1_122' title='bbox 1476 1757 1555 1842; x_wconf 76' lang='grc' dir='ltr'>χάος</span> 
     </span>
     <span class='ocr_line' id='line_1_14' title="bbox 277 1859 1553 1951; baseline -0.002 -20"><span class='ocrx_word' id='word_1_123' title='bbox 277 1864 367 1931; x_wconf 79' lang='grc' dir='ltr'>εἶναι’</span> <span class='ocrx_word' id='word_1_124' title='bbox 392 1867 493 1951; x_wconf 78' lang='grc' dir='ltr'>ἔργων</span> <span class='ocrx_word' id='word_1_125' title='bbox 517 1865 658 1929; x_wconf 70' lang='grc' dir='ltr'>ἅπτεσθε</span> <span class='ocrx_word' id='word_1_126' title='bbox 682 1864 835 1949; x_wconf 77' lang='grc' dir='ltr'>μεγάλων,</span> <span class='ocrx_word' id='word_1_127' title='bbox 860 1865 923 1948; x_wconf 84' lang='grc' dir='ltr'><strong>ἐγὼ</strong></span> <span class='ocrx_word' id='word_1_128' title='bbox 947 1861 974 1930; x_wconf 88' lang='grc' dir='ltr'><strong>δ’</strong></span> <span class='ocrx_word' id='word_1_129' title='bbox 997 1867 1089 1942; x_wconf 82' lang='grc' dir='ltr'>αὐτὸς</span> <span class='ocrx_word' id='word_1_130' title='bbox 1119 1863 1248 1950; x_wconf 78' lang='grc' dir='ltr'>ἄρξομαι</span> <span class='ocrx_word' id='word_1_131' title='bbox 1275 1859 1415 1951; x_wconf 68' lang='grc' dir='ltr'>πρῶτος.</span> <span class='ocrx_word' id='word_1_132' title='bbox 1466 1863 1553 1947; x_wconf 87' lang='grc' dir='ltr'>Είπε,</span> 
     </span>
     <span class='ocr_line' id='line_1_15' title="bbox 275 1969 1553 2059; baseline -0.001 -22"><span class='ocrx_word' id='word_1_133' title='bbox 275 1975 328 2037; x_wconf 78' lang='grc' dir='ltr'><strong>καί</strong></span> <span class='ocrx_word' id='word_1_134' title='bbox 351 1972 472 2048; x_wconf 74' lang='grc' dir='ltr'>εὐθέως</span> <span class='ocrx_word' id='word_1_135' title='bbox 494 1981 653 2057; x_wconf 81' lang='grc' dir='ltr'>κοσμικῶς</span> <span class='ocrx_word' id='word_1_136' title='bbox 676 1981 732 2056; x_wconf 83' lang='grc' dir='ltr'><strong>τῆς</strong></span> <span class='ocrx_word' id='word_1_137' title='bbox 754 1973 799 2035; x_wconf 83' lang='grc' dir='ltr'><strong>ἔτι</strong></span> <span class='ocrx_word' id='word_1_138' title='bbox 821 1972 966 2057; x_wconf 80' lang='grc' dir='ltr'>μελαίνης</span> <span class='ocrx_word' id='word_1_139' title='bbox 990 1969 1130 2049; x_wconf 81' lang='grc' dir='ltr'>ἑνὼσεως</span> <span class='ocrx_word' id='word_1_140' title='bbox 1157 1972 1313 2050; x_wconf 82' lang='grc' dir='ltr'>διάστασις</span> <span class='ocrx_word' id='word_1_141' title='bbox 1340 1972 1473 2059; x_wconf 82' lang='grc' dir='ltr'>ἐγένετο,</span> <span class='ocrx_word' id='word_1_142' title='bbox 1500 1974 1553 2037; x_wconf 88' lang='grc' dir='ltr'><strong>καί</strong></span> 
     </span>
     <span class='ocr_line' id='line_1_16' title="bbox 274 2075 1553 2167; baseline -0.002 -21"><span class='ocrx_word' id='word_1_143' title='bbox 274 2075 374 2167; x_wconf 77' lang='grc' dir='ltr'>ἐφάνη</span> <span class='ocrx_word' id='word_1_144' title='bbox 400 2082 453 2164; x_wconf 83' lang='grc' dir='ltr'><strong>μὲν</strong></span> <span class='ocrx_word' id='word_1_145' title='bbox 477 2081 606 2165; x_wconf 85' lang='grc' dir='ltr'>οὐρανὸς</span> <span class='ocrx_word' id='word_1_146' title='bbox 629 2083 705 2161; x_wconf 79' lang='grc' dir='ltr'><strong>ἄνω,</strong></span> <span class='ocrx_word' id='word_1_147' title='bbox 728 2079 1021 2165; x_wconf 79' lang='grc' dir='ltr'>συγκέκοσμημένος</span> <span class='ocrx_word' id='word_1_148' title='bbox 1043 2091 1106 2157; x_wconf 82' lang='grc' dir='ltr'>τοῖς</span> <span class='ocrx_word' id='word_1_149' title='bbox 1129 2080 1241 2144; x_wconf 81' lang='grc' dir='ltr'>ἑαυτοῦ</span> <span class='ocrx_word' id='word_1_150' title='bbox 1272 2080 1445 2166; x_wconf 78' lang='grc' dir='ltr'>μυστηρίοις</span> <span class='ocrx_word' id='word_1_151' title='bbox 1468 2089 1553 2146; x_wconf 81' lang='grc' dir='ltr'>πᾶσι·</span> 
     </span>
     <span class='ocr_line' id='line_1_17' title="bbox 276 2186 1554 2274; baseline -0.002 -22"><span class='ocrx_word' id='word_1_152' title='bbox 276 2187 501 2273; x_wconf 76' lang='grc' dir='ltr'>κραδαινομένη</span> <span class='ocrx_word' id='word_1_153' title='bbox 525 2188 569 2252; x_wconf 86' lang='grc' dir='ltr'><strong>ἔτι</strong></span> <span class='ocrx_word' id='word_1_154' title='bbox 597 2197 638 2272; x_wconf 79' lang='grc' dir='ltr'><strong>γῆ</strong></span> <span class='ocrx_word' id='word_1_155' title='bbox 668 2186 757 2272; x_wconf 76' lang='grc' dir='ltr'>ἡλίου</span> <span class='ocrx_word' id='word_1_156' title='bbox 780 2187 959 2272; x_wconf 84' lang='grc' dir='ltr'>λάμψαντος</span> <span class='ocrx_word' id='word_1_157' title='bbox 982 2189 1083 2272; x_wconf 84' lang='grc' dir='ltr'>ἐπάγη</span> <span class='ocrx_word' id='word_1_158' title='bbox 1107 2187 1161 2251; x_wconf 82' lang='grc' dir='ltr'><strong>καί</strong></span> <span class='ocrx_word' id='word_1_159' title='bbox 1183 2187 1282 2273; x_wconf 82' lang='grc' dir='ltr'>ἐφάνη</span> <span class='ocrx_word' id='word_1_160' title='bbox 1306 2199 1381 2254; x_wconf 83' lang='grc' dir='ltr'>πᾶσι</span> <span class='ocrx_word' id='word_1_161' title='bbox 1403 2199 1466 2264; x_wconf 86' lang='grc' dir='ltr'>τοῖς</span> <span class='ocrx_word' id='word_1_162' title='bbox 1486 2190 1554 2274; x_wconf 87' lang='grc' dir='ltr'>περί</span> 
     </span>
     <span class='ocr_line' id='line_1_18' title="bbox 265 2292 1586 2380; baseline -0.002 -21"><span class='ocrx_word' id='word_1_163' title='bbox 265 2297 371 2380; x_wconf 76' lang='grc' dir='ltr'>-αίνιην</span> <span class='ocrx_word' id='word_1_164' title='bbox 382 2293 660 2380; x_wconf 79' lang='grc' dir='ltr'>συγκεκοσμημὲνη</span> <span class='ocrx_word' id='word_1_165' title='bbox 676 2292 821 2372; x_wconf 81' lang='grc' dir='ltr'>καλοῖς).</span> <span class='ocrx_word' id='word_1_166' title='bbox 846 2292 892 2356; x_wconf 82' lang='lat' dir='ltr'><strong>Et</strong></span> <span class='ocrx_word' id='word_1_167' title='bbox 908 2292 1054 2358; x_wconf 79' lang='lat' dir='ltr'><strong>fortasse</strong></span> <span class='ocrx_word' id='word_1_168' title='bbox 1071 2294 1111 2358; x_wconf 91' lang='lat' dir='ltr'><strong>de</strong></span> <span class='ocrx_word' id='word_1_169' title='bbox 1128 2292 1213 2358; x_wconf 88' lang='lat' dir='ltr'><strong>caeli</strong></span> <span class='ocrx_word' id='word_1_170' title='bbox 1228 2297 1359 2358; x_wconf 86' lang='lat' dir='ltr'><strong>tantum</strong></span> <span class='ocrx_word' id='word_1_171' title='bbox 1381 2298 1554 2360; x_wconf 89' lang='lat' dir='ltr'><strong>structura</strong></span> <span class='ocrx_word' id='word_1_172' title='bbox 1582 2331 1586 2349; x_wconf 52' lang='grc' dir='ltr'>ι</span> 
     </span>
     <span class='ocr_line' id='line_1_19' title="bbox 276 2399 1554 2482; baseline 0 -17"><span class='ocrx_word' id='word_1_173' title='bbox 276 2399 485 2480; x_wconf 87' lang='lat' dir='ltr'><strong>siderumque</strong></span> <span class='ocrx_word' id='word_1_174' title='bbox 509 2400 702 2465; x_wconf 87' lang='lat' dir='ltr'><strong>caelestium</strong></span> <span class='ocrx_word' id='word_1_175' title='bbox 724 2399 948 2465; x_wconf 85' lang='lat' dir='ltr'><strong>fabricatione</strong></span> <span class='ocrx_word' id='word_1_176' title='bbox 968 2400 1100 2465; x_wconf 88' lang='lat' dir='ltr'><strong>locutus</strong></span> <span class='ocrx_word' id='word_1_177' title='bbox 1124 2405 1187 2482; x_wconf 84' lang='lat' dir='ltr'><strong>est,</strong></span> <span class='ocrx_word' id='word_1_178' title='bbox 1211 2399 1357 2466; x_wconf 85' lang='lat' dir='ltr'><strong>tortasse</strong></span> <span class='ocrx_word' id='word_1_179' title='bbox 1381 2401 1424 2466; x_wconf 89' lang='lat' dir='ltr'><strong>ab</strong></span> <span class='ocrx_word' id='word_1_180' title='bbox 1448 2405 1554 2466; x_wconf 85' lang='lat' dir='ltr'><strong>astro-</strong></span> 
     </span>
     <span class='ocr_line' id='line_1_20' title="bbox 276 2507 1553 2590; baseline 0.002 -18"><span class='ocrx_word' id='word_1_181' title='bbox 276 2509 386 2572; x_wconf 89' lang='lat' dir='ltr'><strong>nomia</strong></span> <span class='ocrx_word' id='word_1_182' title='bbox 398 2508 441 2571; x_wconf 91' lang='lat' dir='ltr'><strong>ad</strong></span> <span class='ocrx_word' id='word_1_183' title='bbox 454 2507 673 2589; x_wconf 83' lang='lat' dir='ltr'><strong>astrologiam</strong></span> <span class='ocrx_word' id='word_1_184' title='bbox 687 2507 842 2587; x_wconf 90' lang='lat' dir='ltr'><strong>delapsus</strong></span> <span class='ocrx_word' id='word_1_185' title='bbox 854 2511 915 2588; x_wconf 86' lang='lat' dir='ltr'><strong>est,</strong></span> <span class='ocrx_word' id='word_1_186' title='bbox 929 2511 967 2570; x_wconf 93' lang='lat' dir='ltr'><strong>ut</strong></span> <span class='ocrx_word' id='word_1_187' title='bbox 979 2511 1116 2572; x_wconf 88' lang='lat' dir='ltr'><strong>nostrae</strong></span> <span class='ocrx_word' id='word_1_188' title='bbox 1129 2508 1254 2574; x_wconf 88' lang='lat' dir='ltr'><strong>aetatis</strong></span> <span class='ocrx_word' id='word_1_189' title='bbox 1271 2513 1349 2573; x_wconf 91' lang='lat' dir='ltr'><strong>utar</strong></span> <span class='ocrx_word' id='word_1_190' title='bbox 1366 2510 1553 2590; x_wconf 88' lang='lat' dir='ltr'><strong>vocabulis;</strong></span> 
     </span>
     <span class='ocr_line' id='line_1_21' title="bbox 276 2614 1554 2684; baseline 0.002 -4"><span class='ocrx_word' id='word_1_191' title='bbox 276 2618 409 2680; x_wconf 86' lang='lat' dir='ltr'><strong>veteres</strong></span> <span class='ocrx_word' id='word_1_192' title='bbox 420 2616 505 2680; x_wconf 91' lang='lat' dir='ltr'><strong>enim</strong></span> <span class='ocrx_word' id='word_1_193' title='bbox 518 2615 601 2679; x_wconf 88' lang='lat' dir='ltr'><strong>haec</strong></span> <span class='ocrx_word' id='word_1_194' title='bbox 613 2631 679 2678; x_wconf 90' lang='lat' dir='ltr'><strong>non</strong></span> <span class='ocrx_word' id='word_1_195' title='bbox 688 2615 1040 2679; x_wconf 86' lang='lat' dir='ltr'><strong>discreverunt—sed</strong></span> <span class='ocrx_word' id='word_1_196' title='bbox 1051 2614 1129 2679; x_wconf 93' lang='lat' dir='ltr'><strong>nolo</strong></span> <span class='ocrx_word' id='word_1_197' title='bbox 1142 2615 1245 2680; x_wconf 89' lang='lat' dir='ltr'><strong>altius</strong></span> <span class='ocrx_word' id='word_1_198' title='bbox 1257 2617 1301 2679; x_wconf 91' lang='lat' dir='ltr'><strong>ad</strong></span> <span class='ocrx_word' id='word_1_199' title='bbox 1312 2615 1554 2684; x_wconf 89' lang='lat' dir='ltr'><strong>hariolationes</strong></span> 
     </span>
     <span class='ocr_line' id='line_1_22' title="bbox 276 2721 1553 2801; baseline 0.003 -15"><span class='ocrx_word' id='word_1_200' title='bbox 276 2723 486 2787; x_wconf 88' lang='lat' dir='ltr'><strong>descendere.</strong></span> <span class='ocrx_word' id='word_1_201' title='bbox 533 2721 697 2786; x_wconf 78' lang='lat' dir='ltr'><strong>Maximae</strong></span> <span class='ocrx_word' id='word_1_202' title='bbox 726 2738 812 2801; x_wconf 89' lang='lat' dir='ltr'><strong>quae</strong></span> <span class='ocrx_word' id='word_1_203' title='bbox 834 2721 869 2785; x_wconf 90' lang='lat' dir='ltr'><strong>in</strong></span> <span class='ocrx_word' id='word_1_204' title='bbox 894 2740 925 2786; x_wconf 89' lang='lat' dir='ltr'><strong>v.</strong></span> <span class='ocrx_word' id='word_1_205' title='bbox 956 2724 975 2787; x_wconf 87' lang='grc'>8</span> <span class='ocrx_word' id='word_1_206' title='bbox 1006 2745 1069 2798; x_wconf 72' lang='lat' dir='ltr'><strong>sqq.</strong></span> <span class='ocrx_word' id='word_1_207' title='bbox 1100 2723 1214 2786; x_wconf 88' lang='lat' dir='ltr'><strong>insunt</strong></span> <span class='ocrx_word' id='word_1_208' title='bbox 1243 2721 1460 2790; x_wconf 84' lang='lat' dir='ltr'><strong>difficultates</strong></span> <span class='ocrx_word' id='word_1_209' title='bbox 1487 2742 1553 2790; x_wconf 91' lang='lat' dir='ltr'><strong>non</strong></span> 
     </span>
     <span class='ocr_line' id='line_1_23' title="bbox 276 2829 1587 2911; baseline -0.001 -12"><span class='ocrx_word' id='word_1_210' title='bbox 276 2848 348 2900; x_wconf 84' lang='lat' dir='ltr'><strong>sum</strong></span> <span class='ocrx_word' id='word_1_211' title='bbox 391 2829 570 2894; x_wconf 83' lang='lat' dir='ltr'><strong>celaturus.</strong></span> <span class='ocrx_word' id='word_1_212' title='bbox 629 2829 669 2893; x_wconf 90' lang='lat' dir='ltr'><strong>In</strong></span> <span class='ocrx_word' id='word_1_213' title='bbox 713 2849 744 2893; x_wconf 91' lang='lat' dir='ltr'><strong>v.</strong></span> <span class='ocrx_word' id='word_1_214' title='bbox 788 2830 884 2894; x_wconf 87' lang='lat'>11.13</span> <span class='ocrx_word' id='word_1_215' title='bbox 924 2831 1018 2894; x_wconf 90' lang='lat' dir='ltr'><strong>deum</strong></span> <span class='ocrx_word' id='word_1_216' title='bbox 1059 2829 1212 2911; x_wconf 86' lang='lat' dir='ltr'><strong>aliquem,</strong></span> <span class='ocrx_word' id='word_1_217' title='bbox 1253 2835 1291 2895; x_wconf 92' lang='lat' dir='ltr'><strong>ut</strong></span> <span class='ocrx_word' id='word_1_218' title='bbox 1329 2848 1391 2911; x_wconf 88' lang='lat' dir='ltr'><strong>par</strong></span> <span class='ocrx_word' id='word_1_219' title='bbox 1429 2834 1482 2896; x_wconf 88' lang='lat' dir='ltr'><strong>est</strong></span> <span class='ocrx_word' id='word_1_220' title='bbox 1519 2833 1554 2898; x_wconf 93' lang='lat' dir='ltr'><strong>in</strong></span> <span class='ocrx_word' id='word_1_221' title='bbox 1583 2849 1587 2880; x_wconf 53' lang='lat' dir='ltr'>f</span> 
     </span>
     <span class='ocr_line' id='line_1_24' title="bbox 276 2935 1554 3016; baseline 0.001 -15"><span class='ocrx_word' id='word_1_222' title='bbox 276 2937 422 3016; x_wconf 86' lang='lat' dir='ltr'><strong>exordio,</strong></span> <span class='ocrx_word' id='word_1_223' title='bbox 448 2935 575 3016; x_wconf 89' lang='lat' dir='ltr'><strong>alloqui</strong></span> <span class='ocrx_word' id='word_1_224' title='bbox 597 2935 786 3016; x_wconf 86' lang='lat' dir='ltr'><strong>putaverim</strong></span> <span class='ocrx_word' id='word_1_225' title='bbox 809 2939 957 3016; x_wconf 85' lang='lat' dir='ltr'><strong>poetam;</strong></span> <span class='ocrx_word' id='word_1_226' title='bbox 982 2938 1040 3000; x_wconf 91' lang='lat' dir='ltr'><strong>sed</strong></span> <span class='ocrx_word' id='word_1_227' title='bbox 1064 2937 1163 3002; x_wconf 85' lang='lat' dir='ltr'><strong>valde</strong></span> <span class='ocrx_word' id='word_1_228' title='bbox 1187 2937 1307 3006; x_wconf 87' lang='lat' dir='ltr'><strong>turbor</strong></span> <span class='ocrx_word' id='word_1_229' title='bbox 1330 2957 1363 3003; x_wconf 84' lang='lat' dir='ltr'><strong>v.</strong></span> <span class='ocrx_word' id='word_1_230' title='bbox 1396 2939 1436 3002; x_wconf 76' lang='lat'><strong>12</strong></span> <span class='ocrx_word' id='word_1_231' title='bbox 1465 2939 1554 3003; x_wconf 87' lang='lat' dir='ltr'><strong>inter</strong></span> 
     </span>
     <span class='ocr_line' id='line_1_25' title="bbox 277 3042 1554 3124; baseline 0.002 -16"><span class='ocrx_word' id='word_1_232' title='bbox 277 3047 451 3124; x_wconf 90' lang='lat' dir='ltr'><strong>utramque</strong></span> <span class='ocrx_word' id='word_1_233' title='bbox 474 3042 709 3109; x_wconf 88' lang='lat' dir='ltr'><strong>allocutionem</strong></span> <span class='ocrx_word' id='word_1_234' title='bbox 732 3044 943 3123; x_wconf 88' lang='lat' dir='ltr'><strong>interposito.</strong></span> <span class='ocrx_word' id='word_1_235' title='bbox 990 3043 1036 3108; x_wconf 83' lang='lat' dir='ltr'><strong>Et</strong></span> <span class='ocrx_word' id='word_1_236' title='bbox 1063 3042 1210 3109; x_wconf 80' lang='lat' dir='ltr'><strong>tortasse</strong></span> <span class='ocrx_word' id='word_1_237' title='bbox 1238 3045 1272 3109; x_wconf 90' lang='lat' dir='ltr'><strong>in</strong></span> <span class='ocrx_word' id='word_1_238' title='bbox 1300 3045 1428 3110; x_wconf 87' lang='lat' dir='ltr'><strong>cistulis</strong></span> <span class='ocrx_word' id='word_1_239' title='bbox 1450 3048 1554 3111; x_wconf 81' lang='lat' dir='ltr'><strong>musei</strong></span> 
     </span>
     <span class='ocr_line' id='line_1_26' title="bbox 275 3150 1553 3234; baseline 0.002 -18"><span class='ocrx_word' id='word_1_240' title='bbox 275 3151 502 3216; x_wconf 89' lang='lat' dir='ltr'><strong>Beroliuensis</strong></span> <span class='ocrx_word' id='word_1_241' title='bbox 541 3151 609 3215; x_wconf 92' lang='lat' dir='ltr'><strong>alia</strong></span> <span class='ocrx_word' id='word_1_242' title='bbox 651 3150 760 3215; x_wconf 89' lang='lat' dir='ltr'><strong>latent</strong></span> <span class='ocrx_word' id='word_1_243' title='bbox 803 3151 948 3215; x_wconf 87' lang='lat' dir='ltr'><strong>eiusdem</strong></span> <span class='ocrx_word' id='word_1_244' title='bbox 992 3151 1147 3216; x_wconf 89' lang='lat' dir='ltr'><strong>carminis</strong></span> <span class='ocrx_word' id='word_1_245' title='bbox 1190 3150 1390 3234; x_wconf 84' lang='lat' dir='ltr'><strong>fragmenta,</strong></span> <span class='ocrx_word' id='word_1_246' title='bbox 1435 3153 1553 3233; x_wconf 89' lang='lat' dir='ltr'><strong>quibus</strong></span> 
     </span>
     <span class='ocr_line' id='line_1_27' title="bbox 276 3257 1554 3340; baseline -0.001 -17"><span class='ocrx_word' id='word_1_247' title='bbox 276 3259 419 3324; x_wconf 89' lang='lat' dir='ltr'><strong>detectis</strong></span> <span class='ocrx_word' id='word_1_248' title='bbox 447 3258 544 3338; x_wconf 91' lang='lat' dir='ltr'><strong>plura</strong></span> <span class='ocrx_word' id='word_1_249' title='bbox 572 3257 747 3323; x_wconf 91' lang='lat' dir='ltr'><strong>enucleare</strong></span> <span class='ocrx_word' id='word_1_250' title='bbox 776 3258 973 3339; x_wconf 80' lang='lat' dir='ltr'><strong>poterimus3</strong></span> <span class='ocrx_word' id='word_1_251' title='bbox 998 3259 1031 3322; x_wconf 94' lang='lat' dir='ltr'><strong>in</strong></span> <span class='ocrx_word' id='word_1_252' title='bbox 1064 3260 1234 3338; x_wconf 84' lang='lat' dir='ltr'><strong>praesenti</strong></span> <span class='ocrx_word' id='word_1_253' title='bbox 1257 3259 1349 3340; x_wconf 83' lang='lat' dir='ltr'><strong>haec,</strong></span> <span class='ocrx_word' id='word_1_254' title='bbox 1380 3259 1554 3339; x_wconf 82' lang='lat' dir='ltr'><strong>quantula</strong></span> 
     </span>
     <span class='ocr_line' id='line_1_28' title="bbox 276 3364 961 3448; baseline -0.003 -18"><span class='ocrx_word' id='word_1_255' title='bbox 276 3383 412 3447; x_wconf 89' lang='lat' dir='ltr'><strong>cumque</strong></span> <span class='ocrx_word' id='word_1_256' title='bbox 437 3370 524 3446; x_wconf 84' lang='lat' dir='ltr'><strong>sunt,</strong></span> <span class='ocrx_word' id='word_1_257' title='bbox 550 3365 737 3445; x_wconf 84' lang='lat' dir='ltr'><strong>publicasse</strong></span> <span class='ocrx_word' id='word_1_258' title='bbox 762 3366 846 3429; x_wconf 88' lang='lat' dir='ltr'><strong>satis</strong></span> <span class='ocrx_word' id='word_1_259' title='bbox 870 3364 924 3430; x_wconf 86' lang='lat' dir='ltr'><strong>sit.</strong></span> <span class='ocrx_word' id='word_1_260' title='bbox 934 3365 961 3448; x_wconf 83' lang='lat'><strong>¹)</strong></span> 
     </span>
    </p>
   </div>
   <div class='ocr_carea' id='block_1_4' title="bbox 894 3547 936 3610">
    <p class='ocr_par' dir='ltr' id='par_1_4' title="bbox 894 3547 936 3610">
     <span class='ocr_line' id='line_1_29' title="bbox 894 3547 936 3610; baseline 0 0"><span class='ocrx_word' id='word_1_261' title='bbox 894 3547 936 3610; x_wconf 89' lang='grc' dir='ltr'><strong>ΙΙ.</strong></span> 
     </span>
    </p>
   </div>
   <div class='ocr_carea' id='block_1_5' title="bbox 223 3669 1589 4612">
    <p class='ocr_par' dir='ltr' id='par_1_5' title="bbox 223 3669 1589 4612">
     <span class='ocr_line' id='line_1_30' title="bbox 382 3669 1553 3755; baseline 0.003 -20"><span class='ocrx_word' id='word_1_262' title='bbox 382 3669 505 3736; x_wconf 87' lang='lat' dir='ltr'><strong>Procli</strong></span> <span class='ocrx_word' id='word_1_263' title='bbox 520 3671 688 3736; x_wconf 86' lang='lat' dir='ltr'><strong>Platonici</strong></span> <span class='ocrx_word' id='word_1_264' title='bbox 711 3671 934 3753; x_wconf 85' lang='lat' dir='ltr'><strong>fragmentum</strong></span> <span class='ocrx_word' id='word_1_265' title='bbox 951 3676 988 3736; x_wconf 93' lang='lat' dir='ltr'><strong>ut</strong></span> <span class='ocrx_word' id='word_1_266' title='bbox 1005 3690 1022 3736; x_wconf 91' lang='lat' dir='ltr'><strong>e</strong></span> <span class='ocrx_word' id='word_1_267' title='bbox 1039 3672 1187 3737; x_wconf 91' lang='lat' dir='ltr'><strong>tenebris</strong></span> <span class='ocrx_word' id='word_1_268' title='bbox 1203 3672 1282 3736; x_wconf 93' lang='lat' dir='ltr'><strong>mihi</strong></span> <span class='ocrx_word' id='word_1_269' title='bbox 1297 3673 1397 3737; x_wconf 89' lang='lat' dir='ltr'><strong>liceat</strong></span> <span class='ocrx_word' id='word_1_270' title='bbox 1413 3672 1553 3755; x_wconf 79' lang='lat' dir='ltr'><strong>eripere,</strong></span> 
     </span>
     <span class='ocr_line' id='line_1_31' title="bbox 277 3777 1552 3861; baseline 0.002 -19"><span class='ocrx_word' id='word_1_271' title='bbox 277 3795 400 3842; x_wconf 89' lang='lat' dir='ltr'><strong>summa</strong></span> <span class='ocrx_word' id='word_1_272' title='bbox 424 3779 458 3842; x_wconf 89' lang='lat' dir='ltr'><strong>in</strong></span> <span class='ocrx_word' id='word_1_273' title='bbox 481 3797 531 3843; x_wconf 89' lang='lat' dir='ltr'><strong>me</strong></span> <span class='ocrx_word' id='word_1_274' title='bbox 555 3777 728 3844; x_wconf 87' lang='lat' dir='ltr'><strong>Francisei</strong></span> <span class='ocrx_word' id='word_1_275' title='bbox 759 3777 899 3844; x_wconf 81' lang='lat' dir='ltr'><strong>Oumont</strong></span> <span class='ocrx_word' id='word_1_276' title='bbox 925 3779 1162 3844; x_wconf 91' lang='lat' dir='ltr'><strong>benevolentia</strong></span> <span class='ocrx_word' id='word_1_277' title='bbox 1189 3777 1314 3844; x_wconf 88' lang='lat' dir='ltr'><strong>factum</strong></span> <span class='ocrx_word' id='word_1_278' title='bbox 1344 3784 1405 3861; x_wconf 88' lang='lat' dir='ltr'><strong>est,</strong></span> <span class='ocrx_word' id='word_1_279' title='bbox 1435 3781 1491 3861; x_wconf 89' lang='lat' dir='ltr'><strong>qni</strong></span> <span class='ocrx_word' id='word_1_280' title='bbox 1518 3779 1552 3846; x_wconf 95' lang='lat' dir='ltr'><strong>in</strong></span> 
     </span>
     <span class='ocr_line' id='line_1_32' title="bbox 223 3885 1589 3971; baseline 0.003 -23"><span class='ocrx_word' id='word_1_281' title='bbox 223 3939 227 3948; x_wconf 74' lang='grc'><strong><em>,</em></strong></span> <span class='ocrx_word' id='word_1_282' title='bbox 276 3885 458 3966; x_wconf 87' lang='lat' dir='ltr'><strong>exemplari</strong></span> <span class='ocrx_word' id='word_1_283' title='bbox 486 3885 666 3951; x_wconf 85' lang='lat' dir='ltr'><strong>Jambliehi</strong></span> <span class='ocrx_word' id='word_1_284' title='bbox 694 3904 714 3950; x_wconf 91' lang='lat' dir='ltr'><strong>a</strong></span> <span class='ocrx_word' id='word_1_285' title='bbox 742 3885 859 3951; x_wconf 87' lang='lat' dir='ltr'><strong>Ficino</strong></span> <span class='ocrx_word' id='word_1_286' title='bbox 892 3885 983 3952; x_wconf 89' lang='lat' dir='ltr'><strong>versi</strong></span> <span class='ocrx_word' id='word_1_287' title='bbox 1011 3905 1032 3951; x_wconf 91' lang='lat' dir='ltr'><strong>a</strong></span> <span class='ocrx_word' id='word_1_288' title='bbox 1060 3905 1095 3952; x_wconf 90' lang='lat' dir='ltr'><strong>se</strong></span> <span class='ocrx_word' id='word_1_289' title='bbox 1114 3890 1233 3968; x_wconf 73' lang='lat' dir='ltr'><strong>,empto</strong></span> <span class='ocrx_word' id='word_1_290' title='bbox 1267 3887 1438 3971; x_wconf 83' lang='lat' dir='ltr'><strong>(Lugduni</strong></span> <span class='ocrx_word' id='word_1_291' title='bbox 1465 3890 1553 3969; x_wconf 90' lang='lat' dir='ltr'><strong>apud</strong></span> <span class='ocrx_word' id='word_1_292' title='bbox 1584 3949 1589 3963; x_wconf 60' lang='lat'><em>„</em></span> 
     </span>
     <span class='ocr_line' id='line_1_33' title="bbox 275 3991 1553 4076; baseline 0.003 -20"><span class='ocrx_word' id='word_1_293' title='bbox 275 3991 368 4056; x_wconf 91' lang='lat' dir='ltr'><strong>Ioan.</strong></span> <span class='ocrx_word' id='word_1_294' title='bbox 399 3992 626 4058; x_wconf 80' lang='lat' dir='ltr'><strong>Tornaesinm.</strong></span> <span class='ocrx_word' id='word_1_295' title='bbox 659 3992 759 4076; x_wconf 85' lang='lat' dir='ltr'><strong>15l0)</strong></span> <span class='ocrx_word' id='word_1_296' title='bbox 783 3994 955 4058; x_wconf 88' lang='lat' dir='ltr'><strong>inventurn</strong></span> <span class='ocrx_word' id='word_1_297' title='bbox 978 3994 1120 4076; x_wconf 87' lang='lat' dir='ltr'><strong>benigne</strong></span> <span class='ocrx_word' id='word_1_298' title='bbox 1144 3995 1187 4058; x_wconf 91' lang='lat' dir='ltr'><strong>ad</strong></span> <span class='ocrx_word' id='word_1_299' title='bbox 1216 4013 1267 4060; x_wconf 89' lang='lat' dir='ltr'><strong>me</strong></span> <span class='ocrx_word' id='word_1_300' title='bbox 1294 3993 1394 4060; x_wconf 85' lang='lat' dir='ltr'><strong>misit.</strong></span> <span class='ocrx_word' id='word_1_301' title='bbox 1443 3995 1553 4060; x_wconf 90' lang='lat' dir='ltr'><strong>Prima</strong></span> 
     </span>
     <span class='ocr_line' id='line_1_34' title="bbox 276 4099 1552 4182; baseline 0.002 -18"><span class='ocrx_word' id='word_1_302' title='bbox 276 4100 388 4181; x_wconf 87' lang='lat' dir='ltr'><strong>editio,</strong></span> <span class='ocrx_word' id='word_1_303' title='bbox 414 4117 511 4180; x_wconf 90' lang='lat' dir='ltr'><strong>quam</strong></span> <span class='ocrx_word' id='word_1_304' title='bbox 536 4101 666 4180; x_wconf 89' lang='lat' dir='ltr'><strong>quidem</strong></span> <span class='ocrx_word' id='word_1_305' title='bbox 690 4101 804 4182; x_wconf 85' lang='lat' dir='ltr'><strong>norim,</strong></span> <span class='ocrx_word' id='word_1_306' title='bbox 822 4099 947 4165; x_wconf 89' lang='lat' dir='ltr'><strong>Aldina</strong></span> <span class='ocrx_word' id='word_1_307' title='bbox 970 4105 1023 4166; x_wconf 90' lang='lat' dir='ltr'><strong>est</strong></span> <span class='ocrx_word' id='word_1_308' title='bbox 1039 4102 1122 4165; x_wconf 90' lang='lat' dir='ltr'><strong>anni</strong></span> <span class='ocrx_word' id='word_1_309' title='bbox 1136 4101 1219 4166; x_wconf 74' lang='lat'>1497</span> <span class='ocrx_word' id='word_1_310' title='bbox 1238 4102 1281 4166; x_wconf 89' lang='lat' dir='ltr'><strong>ab</strong></span> <span class='ocrx_word' id='word_1_311' title='bbox 1297 4100 1420 4167; x_wconf 89' lang='lat' dir='ltr'><strong>Hainio</strong></span> <span class='ocrx_word' id='word_1_312' title='bbox 1436 4101 1472 4167; x_wconf 91' lang='grc' dir='ltr'>Π</span> <span class='ocrx_word' id='word_1_313' title='bbox 1488 4102 1552 4167; x_wconf 81' lang='grc'><strong>153</strong></span> 
     </span>
     <span class='ocr_line' id='line_1_35' title="bbox 276 4207 1551 4290; baseline 0.002 -18"><span class='ocrx_word' id='word_1_314' title='bbox 276 4207 455 4288; x_wconf 87' lang='lat' dir='ltr'><strong>descripta,</strong></span> <span class='ocrx_word' id='word_1_315' title='bbox 490 4225 587 4288; x_wconf 88' lang='lat' dir='ltr'><strong>quam</strong></span> <span class='ocrx_word' id='word_1_316' title='bbox 625 4227 643 4273; x_wconf 92' lang='lat' dir='ltr'><strong>e</strong></span> <span class='ocrx_word' id='word_1_317' title='bbox 677 4207 882 4273; x_wconf 89' lang='lat' dir='ltr'><strong>bibliotheca</strong></span> <span class='ocrx_word' id='word_1_318' title='bbox 916 4207 1127 4273; x_wconf 87' lang='lat' dir='ltr'><strong>Beroliuensi</strong></span> <span class='ocrx_word' id='word_1_319' title='bbox 1159 4208 1223 4273; x_wconf 91' lang='lat' dir='ltr'><strong>bnc</strong></span> <span class='ocrx_word' id='word_1_320' title='bbox 1250 4207 1384 4273; x_wconf 86' lang='lat' dir='ltr'><strong>missam</strong></span> <span class='ocrx_word' id='word_1_321' title='bbox 1413 4210 1551 4290; x_wconf 84' lang='lat' dir='ltr'><strong>inspexi.</strong></span> 
     </span>
     <span class='ocr_line' id='line_1_36' title="bbox 275 4313 1555 4398; baseline 0.003 -21"><span class='ocrx_word' id='word_1_322' title='bbox 275 4315 315 4378; x_wconf 90' lang='lat' dir='ltr'><strong>In</strong></span> <span class='ocrx_word' id='word_1_323' title='bbox 326 4332 366 4378; x_wconf 91' lang='lat' dir='ltr'><strong>ea</strong></span> <span class='ocrx_word' id='word_1_324' title='bbox 379 4314 403 4380; x_wconf 91' lang='lat' dir='ltr'><strong>J</strong></span> <span class='ocrx_word' id='word_1_325' title='bbox 404 4313 560 4379; x_wconf 91' lang='lat' dir='ltr'><strong>amblicbi</strong></span> <span class='ocrx_word' id='word_1_326' title='bbox 572 4317 613 4380; x_wconf 94' lang='lat' dir='ltr'><strong>de</strong></span> <span class='ocrx_word' id='word_1_327' title='bbox 625 4317 794 4396; x_wconf 88' lang='lat' dir='ltr'><strong>mysteriis</strong></span> <span class='ocrx_word' id='word_1_328' title='bbox 803 4317 1047 4398; x_wconf 87' lang='lat' dir='ltr'><strong>Aegyptiorum</strong></span> <span class='ocrx_word' id='word_1_329' title='bbox 1058 4315 1180 4380; x_wconf 89' lang='lat' dir='ltr'><strong>librum</strong></span> <span class='ocrx_word' id='word_1_330' title='bbox 1192 4334 1212 4379; x_wconf 91' lang='lat' dir='ltr'><strong>a</strong></span> <span class='ocrx_word' id='word_1_331' title='bbox 1225 4314 1341 4380; x_wconf 85' lang='lat' dir='ltr'><strong>Ficino</strong></span> <span class='ocrx_word' id='word_1_332' title='bbox 1351 4317 1555 4381; x_wconf 86' lang='lat' dir='ltr'><strong>translatum</strong></span> 
     </span>
     <span class='ocr_line' id='line_1_37' title="bbox 276 4415 1553 4504; baseline 0.003 -20"><span class='ocrx_word' id='word_1_333' title='bbox 276 4421 444 4501; x_wconf 87' lang='lat' dir='ltr'><strong>excipiunt</strong></span> <span class='ocrx_word' id='word_1_334' title='bbox 467 4415 647 4503; x_wconf 81' lang='lat' dir='ltr'><strong>‘Excerpta</strong></span> <span class='ocrx_word' id='word_1_335' title='bbox 670 4422 813 4488; x_wconf 89' lang='lat' dir='ltr'><strong>Marsilii</strong></span> <span class='ocrx_word' id='word_1_336' title='bbox 836 4422 945 4488; x_wconf 87' lang='lat' dir='ltr'><strong>Fioini</strong></span> <span class='ocrx_word' id='word_1_337' title='bbox 969 4441 1009 4488; x_wconf 88' lang='lat' dir='ltr'><strong>ex</strong></span> <span class='ocrx_word' id='word_1_338' title='bbox 1033 4424 1164 4504; x_wconf 89' lang='lat' dir='ltr'><strong>graecis</strong></span> <span class='ocrx_word' id='word_1_339' title='bbox 1180 4423 1292 4488; x_wconf 85' lang='lat' dir='ltr'><strong>Procli</strong></span> <span class='ocrx_word' id='word_1_340' title='bbox 1309 4423 1553 4489; x_wconf 88' lang='lat' dir='ltr'><strong>commentariis</strong></span> 
     </span>
     <span class='ocr_line' id='line_1_38' title="bbox 275 4527 1552 4612; baseline 0.003 -20"><span class='ocrx_word' id='word_1_341' title='bbox 275 4527 309 4592; x_wconf 93' lang='lat' dir='ltr'><strong>in</strong></span> <span class='ocrx_word' id='word_1_342' title='bbox 330 4527 537 4594; x_wconf 85' lang='lat' dir='ltr'><strong>Alcibiadem</strong></span> <span class='ocrx_word' id='word_1_343' title='bbox 558 4529 709 4595; x_wconf 86' lang='lat' dir='ltr'><strong>Platonis</strong></span> <span class='ocrx_word' id='word_1_344' title='bbox 734 4528 893 4612; x_wconf 74' lang='lat' dir='ltr'><strong>primum,</strong></span> <span class='ocrx_word' id='word_1_345' title='bbox 919 4549 1057 4611; x_wconf 90' lang='lat' dir='ltr'><strong>quornm</strong></span> <span class='ocrx_word' id='word_1_346' title='bbox 1080 4528 1194 4595; x_wconf 80' lang='lat' dir='ltr'><strong>‘Finis’</strong></span> <span class='ocrx_word' id='word_1_347' title='bbox 1216 4530 1279 4595; x_wconf 91' lang='lat' dir='ltr'><strong>hoc</strong></span> <span class='ocrx_word' id='word_1_348' title='bbox 1298 4531 1370 4611; x_wconf 88' lang='lat' dir='ltr'><strong>ipso</strong></span> <span class='ocrx_word' id='word_1_349' title='bbox 1388 4531 1552 4596; x_wconf 89' lang='lat' dir='ltr'><strong>vocabulo</strong></span> 
     </span>
    </p>
   </div>
   <div class='ocr_carea' id='block_1_6' title="bbox 278 4681 1553 4848">
    <p class='ocr_par' dir='ltr' id='par_1_6' title="bbox 278 4681 1553 4848">
     <span class='ocr_line' id='line_1_39' title="bbox 278 4681 1553 4760; baseline 0.002 -17"><span class='ocrx_word' id='word_1_350' title='bbox 278 4686 284 4697; x_wconf 85' lang='lat'>&#39;</span> <span class='ocrx_word' id='word_1_351' title='bbox 320 4710 321 4716; x_wconf 23' lang='grc' dir='ltr'>ι</span> <span class='ocrx_word' id='word_1_352' title='bbox 385 4686 406 4754; x_wconf 93' lang='lat'><strong>¹)</strong></span> <span class='ocrx_word' id='word_1_353' title='bbox 426 4689 556 4744; x_wconf 90' lang='lat' dir='ltr'><strong>Alteram</strong></span> <span class='ocrx_word' id='word_1_354' title='bbox 576 4681 729 4758; x_wconf 69' lang='lat' dir='ltr'><strong>papyrum,</strong></span> <span class='ocrx_word' id='word_1_355' title='bbox 754 4705 840 4758; x_wconf 86' lang='lat' dir='ltr'><strong>qnam</strong></span> <span class='ocrx_word' id='word_1_356' title='bbox 860 4691 916 4745; x_wconf 90' lang='lat' dir='ltr'><strong>boc</strong></span> <span class='ocrx_word' id='word_1_357' title='bbox 942 4690 1006 4746; x_wconf 91' lang='lat' dir='ltr'><strong>loco</strong></span> <span class='ocrx_word' id='word_1_358' title='bbox 1026 4690 1158 4744; x_wconf 85' lang='lat' dir='ltr'><strong>editurus</strong></span> <span class='ocrx_word' id='word_1_359' title='bbox 1182 4705 1270 4757; x_wconf 85' lang='lat' dir='ltr'><strong>eram,</strong></span> <span class='ocrx_word' id='word_1_360' title='bbox 1295 4705 1352 4744; x_wconf 92' lang='lat' dir='ltr'><strong>non</strong></span> <span class='ocrx_word' id='word_1_361' title='bbox 1377 4705 1442 4745; x_wconf 88' lang='lat' dir='ltr'><strong>mea</strong></span> <span class='ocrx_word' id='word_1_362' title='bbox 1468 4687 1553 4760; x_wconf 87' lang='lat' dir='ltr'><strong>culpa</strong></span> 
     </span>
     <span class='ocr_line' id='line_1_40' title="bbox 286 4777 694 4848; baseline 0.002 -17"><span class='ocrx_word' id='word_1_363' title='bbox 286 4793 305 4831; x_wconf 94' lang='lat' dir='ltr'><strong>n</strong></span> <span class='ocrx_word' id='word_1_364' title='bbox 326 4777 434 4832; x_wconf 85' lang='lat' dir='ltr'><strong>scrinio</strong></span> <span class='ocrx_word' id='word_1_365' title='bbox 453 4779 580 4834; x_wconf 89' lang='lat' dir='ltr'><strong>retinere</strong></span> <span class='ocrx_word' id='word_1_366' title='bbox 600 4793 694 4848; x_wconf 83' lang='lat' dir='ltr'><strong>cogor.</strong></span> 
     </span>
    </p>
   </div>
   <div class='ocr_carea' id='block_1_7' title="bbox 0 0 1798 5208">
    <p class='ocr_par' dir='ltr' id='par_1_7' title="bbox 0 0 1798 5208">
     <span class='ocr_line' id='line_1_41' title="bbox 0 0 1798 5208; baseline 0 0"><span class='ocrx_word' id='word_1_367' title='bbox 0 0 1798 5208; x_wconf 95' lang='lat' dir='ltr'><strong> </strong></span> 
     </span>
    </p>
   </div>
  </div>
 </body>
</html>
