3588 5208
861 249 882 312 8

176 475 203 519 ιν
231 465 321 545 quae
354 462 472 526 deinde
514 460 668 526 feruntur
713 478 842 549 sursum
902 512 906 520 .

230 570 339 634 instar
351 587 511 634 accensae
528 566 666 633 canabis
682 568 842 648 obquan-

231 675 478 758 dann..seininis
509 675 621 742 ‚divini
665 673 843 756 participa·
973 697 977 705 ·

230 784 364 849 tionem.
390 782 563 864 quidvcno
577 784 617 847 de
629 781 699 847 loto
713 781 842 847 dicam?
963 785 995 847 τι’
1015 779 1050 846 δὲ
1070 784 1141 866 περί
1162 789 1217 846 τού
1237 781 1340 845 λωτοο
1355 779 1511 866 λέγωμεν,

231 890 320 956 lotus
344 890 492 972 implicat
513 891 644 970 quidem
657 889 692 953 in
709 907 744 954 se
760 887 843 954 folia
898 889 1024 963 ὀλωτός
1031 888 1222 974 συμπτύσσει
1232 889 1287 972 μὲν
1298 889 1342 965 εἰς
1352 887 1462 953 ἑαυτόν
1471 891 1511 953 τά

113 1071 120 1079 ,
178 1008 205 1052 75
232 1002 312 1070 ante
328 997 408 1063 solis
429 1001 590 1076 exortum,
616 997 744 1062 oriente
761 1015 843 1062 vero
898 995 1003 1080 φύλλα
1016 998 1077 1081 πρὸ
1095 1005 1149 1080 τῆς
1160 994 1248 1081 ἡλίου
1258 995 1421 1079 ἀνατολῆς,
1436 994 1510 1059 ἀνα·

232 1105 303 1170 sola
320 1104 467 1185 explicat
483 1103 653 1185 paulatim,
679 1108 714 1168 et
730 1108 843 1184 quate·
897 1102 1061 1180 τέλλοντος
1072 1100 1107 1166 δὲ
1120 1101 1210 1186 ἡλίου
1226 1101 1414 1166 ἀναπτύσσει
1429 1105 1512 1166 κατά

231 1230 294 1278 nus
310 1212 360 1278 sol
377 1213 420 1276 ad
435 1211 575 1276 mediam
591 1210 676 1276 caeli
691 1210 844 1276 ascendit
899 1211 1018 1296 μικρόν,
1040 1211 1094 1273 καί
1117 1204 1167 1293 ἐφ’
1189 1208 1262 1273 όσον
1285 1209 1302 1272 ό
1324 1209 1412 1292 ἣλιος
1435 1211 1511 1293 πρός

231 1320 376 1402 plagam,
416 1322 554 1383 eatenus
593 1319 712 1398 pandit
746 1316 844 1398 folia3
897 1320 934 1382 τό
980 1315 1199 1401 μεσουράνημα
1244 1314 1409 1399 ἀναβαίνει,
1461 1312 1512 1380 ἐπί

232 1430 397 1508 quatenus
436 1443 518 1492 vcro
555 1443 578 1488 a
614 1426 722 1490 medio
757 1424 845 1507 petit
899 1432 1047 1489 τοσουτον
1079 1421 1207 1500 ἐξαπλοῖ
1237 1425 1277 1485 τὰ
1310 1417 1513 1507 odilardo?

191 1543 218 1585 8⁰
232 1551 394 1612 occasum,
436 1533 605 1614 gradatim
645 1530 727 1597 folia
770 1550 844 1597 con·
900 1531 972 1596 ὅσον
996 1531 1030 1595 δὲ
1053 1531 1115 1594 ἀπό
1137 1537 1193 1593 τού
1217 1527 1313 1612 μέσου
1336 1531 1412 1614 πρὸς
1427 1526 1513 1594 δύσιν

231 1640 352 1716 trahit:
377 1640 513 1706 videtur
540 1639 621 1704 haec
649 1656 715 1704 non
738 1638 844 1704 minus
898 1639 1028 1717 κάτεισι,
1052 1639 1135 1701 κατά
1159 1638 1266 1720 μικρὸν
1289 1633 1451 1700 συστέλλει
1472 1639 1513 1700 τά

233 1745 431 1812 dilatatione
454 1745 750 1827 contractioneque
773 1745 845 1810 ioli·
900 1742 1018 1830 φύλλα·
1044 1745 1125 1811 <aab
1139 1744 1225 1808 δοκεῖ
1242 1741 1331 1820 οὗτος
1346 1745 1406 1828 οὐχ
1420 1741 1512 1827 ἡττον

233 1872 326 1920 orum
370 1853 536 1919 honorare
566 1853 717 1934 τοίου,
748 1871 845 1934 quain
899 1861 939 1936 τῇ
960 1861 1024 1916 τῶν
1047 1850 1174 1936 φύλλων
1197 1849 1370 1928 ἐξαπλώσει
1396 1871 1432 1913 τε
1459 1851 1513 1914 καί

232 1961 380 2026 homines
397 1978 557 2042 genarum
573 1963 672 2042 gestu
688 1964 845 2040 motuque
900 1958 1036 2042 συστολῇ
1047 1967 1137 2042 τιμάν
1149 1956 1203 2021 τόν
1213 1957 1301 2041 ἡλιον
1316 1959 1337 2041 ἢ
1350 1955 1378 2019 οἰ
1389 1957 1513 2042 άνθρω-

192 2077 218 2118 θλ
232 2068 405 2133 labiorum.
445 2141 447 2146 ,
899 2083 952 2129 ποι
974 2074 1013 2148 τὴ
1035 2073 1098 2128 τῶν
1121 2065 1261 2148 γονάτων
1283 2063 1385 2128 κλίσει
1405 2065 1459 2128 καί
1473 2073 1513 2148 τῇ

237 2225 249 2250 ,.
900 2181 962 2235 τῶν
983 2171 1099 2255 χειλῶν
1120 2167 1248 2252 κινὴσει.

298 2281 374 2348 Νοιι
404 2281 510 2346 solum
537 2298 618 2347 vero
647 2282 681 2345 in
709 2281 843 2362 plantis,
968 2275 1015 2342 Ού
1040 2278 1131 2362 μόνον
1155 2273 1183 2342 δ’
1192 2279 1225 2342 ἐν
1248 2289 1363 2363 φυτοῖς,
1387 2279 1408 2341 όὶ
1430 2280 1514 2362 ίχνος

234 2407 319 2470 quae
332 2387 512 2470 vestigium
527 2388 654 2453 habent
668 2387 771 2471 vitae,
788 2390 845 2453 sed
901 2386 967 2467 ἔχει
1004 2385 1097 2469 ζωῆς,
1135 2385 1218 2449 ἀλλὰ
1254 2387 1308 2449 καί
1342 2385 1376 2450 ἐν
1414 2384 1515 2461 λίθοις

234 2497 335 2572 etiam
357 2495 392 2561 in
416 2495 583 2576 lapidibus
599 2496 750 2576 aspicere
767 2495 847 2560 licet
902 2492 1045 2575 καθορᾶν
1061 2491 1159 2570 ἔξεστι
1180 2492 1304 2576 μίμησιν
1319 2493 1373 2555 καί
1390 2490 1515 2575 μόθεξίν

234 2605 453 2677 imitationem
486 2607 521 2668 et
555 2601 847 2684 participationem
901 2619 968 2663 τινα
1005 2608 1068 2663 τῶν
1102 2603 1167 2664 άνω
1206 2599 1327 2683 φώτων,
1366 2598 1514 2683 καθάπερ

193 2728 220 2771 ao
235 2713 400 2792 quandam
432 2710 586 2774 luminum
619 2726 845 2790 supernorum,
902 2706 919 2769 ό
961 2705 1087 2790 ἡλίτηςί
1110 2705 1201 2783 λίθος
1243 2708 1345 2770 ἀκτῖσι
1386 2714 1515 2790 χρυσαῖς

235 2819 504 2899 quemadmodum
517 2815 630 2882 helitis
644 2815 730 2897 lapis
743 2815 847 2880 radiis
903 2823 1035 2897 μιμεῖται
1050 2816 1104 2889 τὰς
1120 2810 1252 2894 ἡλιακὰς
1265 2811 1401 2888 ἀκτῖνας.
1425 2811 1516 2888 λίθος

234 2925 344 2990 aureis
374 2924 503 2990 solares
535 2925 649 2988 radios
684 2923 846 2988 imitatur.
902 2915 946 3000 δέ,
974 2920 1008 2996 ὃς
1039 2920 1180 2984 καλεῖται
1208 2921 1341 3008 οὐρανοῦ
1376 2917 1460 3004 ὄμμα
1493 2919 1515 3002 ἡ

234 3032 320 3114 lapis
351 3038 472 3112 autem,
502 3030 558 3112 qui
588 3034 731 3096 vocatur
765 3030 848 3096 caeli
901 3024 991 3109 ἡλίου
1024 3029 1118 3112 όμμα,
1155 3029 1275 3112 μορφὴν
1308 3028 1374 3111 ἔχει
1408 3025 1515 3110 ὁμοίαν

235 3138 349 3204 oculus
374 3138 429 3205 vel
453 3138 533 3203 solis
557 3138 681 3220 oculuS,
706 3136 847 3219 figuram
902 3134 981 3218 κόρη
1004 3134 1184 3220 ὀφθαλμοῦ,
1208 3136 1262 3198 καί
1284 3134 1322 3197 ἐκ
1343 3129 1438 3217 μέσης
1459 3139 1517 3214 τῆς

193 3263 220 3304 νο
234 3245 337 3321 habet
380 3245 519 3311 similem
561 3244 707 3326 pupillae
751 3245 846 3326 oculi,
902 3241 997 3326 κόρης
1012 3241 1165 3325 ἐκλάμπει
1181 3241 1273 3324 αύγὴ.
1321 3241 1375 3303 καί
1391 3239 1408 3302 ό
1424 3239 1516 3322 σελη·

235 3358 337 3434 atque
369 3372 410 3418 ex
437 3353 546 3416 media
573 3352 700 3432 pupilla
728 3352 847 3417 emicat
902 3348 985 3432 νίτης
1018 3348 1108 3424 λίθος
1142 3351 1226 3411 κατὰ
1260 3357 1366 3431 σχῆμα
1400 3344 1516 3430 σελὴνη

234 3460 359 3525 radius,
416 3459 502 3541 lapis
532 3477 661 3539 quoque
691 3459 847 3524 selenites
902 3456 1093 3540 κερατοειδεῖ
1128 3455 1230 3539 όμοιος
1269 3455 1311 3518 ὢν
1334 3453 1400 3517 ’διά
1436 3472 1516 3528 τινος

236 3567 281 3652 [id
319 3571 372 3632 est
414 3564 553 3649 lunaris]
598 3565 707 3647 figura
749 3566 847 3631 lunae
903 3560 1014 3626 ἑαυτοῦ
1044 3560 1240 3637 ἀλλοιώσεως
1274 3570 1313 3644 τῇ
1347 3559 1517 3643 σεληνιακὴ

236 3674 436 3740 corniculari
466 3672 582 3737 similis
619 3673 762 3753 quadam
797 3673 847 3738 sui
902 3669 1142 3752 ἕπεταικινὴσει.
1156 3665 1517 3753 ύδὲὴλιοσόληνοςλίθος

182 3797 221 3838 10⁰
234 3782 420 3856 mutatione
480 3780 630 3844 lunarem
696 3781 848 3861 sequitur
903 3787 1034 3861 μιμεῖται
1050 3774 1193 3841 ὁπωσοῦν
1209 3776 1338 3840 σύνοδοι
1355 3773 1444 3859 ἡλίου
1464 3772 1517 3836 καί
1567 3821 1570 3828 .

235 3893 368 3954 motum.
397 3889 483 3968 lapis
496 3885 614 3952 deinde
627 3886 848 3953 heliosclenus
902 3884 1035 3968 σελήνης
1046 3886 1099 3947 καί
1112 3882 1294 3967 σχηματίζει
1309 3889 1354 3965 τῷ
1366 3880 1517 3965 χρώματι.

237 3996 283 4081 [id
293 3999 344 4062 est
356 3996 476 4060 solaris
485 3994 849 4076 lunarisque]imitatur
904 3993 985 4056 ούτω
1000 4000 1062 4055 τῶν
1078 3990 1175 4054 θείων
1190 3990 1292 4054 πάντα
1307 3985 1389 4052 ἐστίν
1409 3985 1516 4071 μεστά,

236 4105 475 4185 quodammodo
489 4119 703 4183 congressum
717 4101 798 4166 solis
815 4106 849 4164 et
903 4101 943 4162 τά
966 4099 1020 4182 μὲν
1040 4097 1156 4182 χθόνια
1175 4105 1237 4161 τῶν
1254 4093 1413 4180 οὐρανίων,
1429 4094 1469 4155 τά
1483 4088 1518 4154 δὲ

236 4212 334 4276 lunae
371 4209 561 4291 figuratque
605 4208 725 4273 colore.
795 4207 849 4274 Sic
904 4205 1030 4290 οὐράνια
1059 4213 1121 4269 τῶν
1152 4201 1388 4288 ύπερουρανίων,
1417 4198 1518 4262 καίτοι

183 4337 223 4378 ion
237 4318 425 4388 divinorum
468 4315 578 4382 omnia
616 4315 715 4396 plena
760 4318 848 4395 eunt,
904 4313 1022 4397 πρόεισι
1064 4322 1151 4376 πάσα
1192 4319 1254 4374 τῶν
1296 4311 1393 4373 όντων
1435 4304 1518 4383 τάξις

237 4431 372 4490 terrena
397 4422 527 4503 quidem
552 4423 754 4502 caelestium,
780 4438 851 4485 cae·
906 4418 995 4504 μέχρι
1021 4427 1077 4481 τοῦ
1107 4416 1253 4502 ἐσχάτου.
1305 4417 1326 4478 ά
1352 4417 1412 4498 γὰρ
1441 4411 1518 4496 ὑπὲρ

236 4530 337 4596 lestia
353 4549 434 4596 vero
456 4527 759 4611 supercaelestium,
777 4546 850 4608 pro·
904 4529 961 4609 τὴν
984 4535 1045 4590 τῶν
1069 4527 1166 4589 όντων
1188 4523 1273 4601 τάξιν
1298 4522 1463 4605 συνάγεται
1485 4519 1518 4583 ἐν

237 4639 391 4719 ceditque
430 4636 570 4717 quilibet
616 4638 697 4700 ordo
741 4652 851 4700 rerum
904 4641 949 4717 τῷ
983 4630 1037 4714 ἑνί,
1064 4639 1163 4696 ταῦτα
1190 4629 1300 4714 ἐφεξῆς
1332 4627 1519 4692 πλατύνεται

236 4763 341 4826 usqua
369 4746 412 4810 ad
440 4743 600 4808 ultimum.
653 4760 738 4823 quaa
767 4742 851 4806 euim
906 4741 938 4804 ἐν
962 4749 999 4824 τὴ
1022 4738 1181 4823 ύποβάσει,
1205 4737 1282 4802 ὅπου
1305 4732 1399 4798 ἄλλαι
1422 4734 1519 4818 ψυχαί
